2966 4928
790 347 883 435 rn'

223 555 247 620 Ι.
279 557 353 619 1444
386 551 477 618 clara'
506 554 580 617 tuae
605 551 723 633 possim
753 548 969 632 praepandere
1000 546 1117 613 lumina
1148 547 1252 612 menti.
1314 545 1396 611 Tota

225 651 382 730 sententia
397 662 552 728 translata
568 666 617 727 est
632 680 751 744 nosque
771 666 877 726 monet
897 658 980 724 illius
1001 657 1085 741 quod
1107 676 1203 740 supra
1224 657 1396 723 invenimus

223 774 248 839 1.
272 778 367 838 11114
398 773 443 838 ita
469 791 520 838 res
553 771 727 837 accendunt
755 770 875 837 lumina
905 769 1008 836 rebus.
1027 806 1068 815 -
1091 769 1143 834 VI.
1168 773 1244 833 359:
1276 771 1398 833 etcum

224 891 365 965 tempora
395 901 428 949 sc
457 883 539 948 veris
568 880 713 948 florentia
731 881 883 966 pandunt.
905 917 945 927 -
966 881 990 946 l.
1015 885 1072 945 55:
1100 896 1203 944 rerum
1225 876 1398 960 primordia

225 993 370 1076 pandam.
406 993 431 1058 l.
456 996 527 1058 1264
546 1011 649 1058 rerum
671 998 816 1058 naturam
834 989 1010 1074 expandere
1032 989 1132 1054 dictis.
1169 988 1205 1054 V.
1227 993 1279 1054 54:
1301 993 1398 1071 atque

226 1121 346 1167 omnem
379 1121 481 1168 rerum
511 1108 654 1168 naturam
681 1102 821 1184 pandere
847 1101 946 1166 dictis
988 1097 1050 1164 Cic.
1074 1099 1164 1166 Arat.
1187 1105 1228 1164 40
1248 1098 1398 1182 legimus:

226 1211 347 1277 hiberni
377 1212 594 1295 praependens
617 1213 767 1295 temporis
789 1217 888 1278 ortus.
918 1243 953 1255 -
989 1209 1080 1288 Quod
1102 1210 1126 1274 l.
1149 1214 1188 1275 25
1209 1210 1398 1277 invenimus:

227 1323 395 1405 (versibus)
417 1339 494 1405 quos
516 1341 575 1404 ego
597 1322 636 1388 de
658 1342 764 1390 rerum
787 1327 903 1387 natura
924 1338 1062 1404 pangere
1076 1337 1179 1400 conor,
1198 1320 1293 1386 etiam
1312 1319 1397 1403 apud

226 1432 304 1498 alios
327 1433 502 1514 scriptores
523 1438 641 1516 exstat,
661 1453 688 1500 e.
709 1453 755 1516 gr.
777 1432 838 1499 (lic.
861 1433 900 1498 ad
922 1434 987 1497 nrt.
1010 1431 1058 1496 VI.
1082 1434 1114 1513 23
1136 1429 1216 1496 XIV.
1237 1435 1265 1496 2.

309 1541 466 1610 Glandico
488 1545 524 1611 et
544 1542 679 1612 similia.
715 1544 768 1611 VI.
783 1548 859 1611 834:
881 1541 1037 1608 claudicat
1059 1541 1211 1623 extemplo
1232 1541 1398 1623 pinnarum

229 1654 315 1718 uisus
342 1653 452 1722 inanis.
504 1654 557 1722 IV.
581 1659 657 1722 515:
681 1635 718 1721 ¹et
742 1652 848 1720 libelle
876 1653 982 1736 aliqua
1009 1652 1036 1717 si
1066 1671 1104 1718 cx
1132 1651 1218 1734 parti
1246 1650 1400 1717 claudicat

228 1763 336 1829 hilum.
371 1763 424 1830 VI.
440 1769 518 1830 1107
533 1783 583 1848 sq:
605 1769 637 1831 et
650 1763 734 1848 quod
748 1765 780 1830 in
795 1765 936 1846 Aegypto
957 1768 1015 1845 est,
1036 1780 1097 1844 qua
1117 1761 1224 1827 mundi
1244 1760 1400 1827 claudicat

229 1872 305 1938 aris.
336 1873 560 1956 Explicationis
582 1893 678 1942 causa
697 1892 815 1958 quaeso
832 1891 992 1956 compares
1006 1873 1099 1954 Verg.
1112 1891 1217 1954 georg.
1229 1872 1253 1938 l.
1266 1876 1327 1938 240
1338 1889 1398 1954 sq.:

228 1981 366 2048 Mundus
394 1988 432 2049 ut
458 1984 498 2049 ad
528 1983 686 2069 Scythiam
717 1983 935 2068 Riphaeasque
963 1983 1079 2050 arduus
1111 2001 1199 2048 arces
1228 1981 1398 2063 consurgit,

228 2093 381 2174 premitur
410 2093 527 2177 Libyae
563 2094 699 2161 devexus
734 2095 766 2160 in
802 2100 934 2160 austros.
972 2129 1010 2141 -
1046 2093 1101 2158 Ill.
1131 2097 1207 2158 4424
1244 2091 1400 2159 claudicet

229 2202 403 2286 ingenium,
431 2204 543 2271 delirat
572 2205 695 2288 lingua,
723 2205 811 2271 labat
840 2221 937 2270 mens.
986 2202 1083 2268 Simili
1111 2203 1203 2268 modo
1233 2202 1273 2268 de
1294 2203 1398 2270 sobrio

230 2312 345 2378 dicitur
371 2314 431 2380 ΠΙ.
458 2319 519 2380 418
538 2333 625 2399 ¹sq.:v
642 2315 890 2398 praepediuntur
919 2331 1013 2380 crura
1043 2312 1216 2392 vacillanti,
1249 2314 1400 2379 tardescit

228 2420 342 2505 lingua,
364 2423 469 2489 madet
488 2442 586 2508 mens,
606 2431 684 2491 nant
697 2425 787 2506 oculi,
809 2424 934 2502 clamor,
955 2421 1121 2502 singultus,
1141 2422 1242 2504 iurgia
1253 2422 1398 2504 gliscunt.

228 2531 280 2597 lV.
295 2536 373 2598 1123
386 2550 443 2616 sq.:
466 2539 561 2616 poeta
583 2535 704 2600 ruinam
725 2535 793 2599 eius
814 2532 902 2599 nobis
921 2532 1077 2614 proponit,
1098 2533 1153 2614 qui
1174 2533 1264 2599 nimis
1287 2533 1399 2600 amoris

228 2641 341 2708 ardore
361 2661 508 2709 accensus
530 2648 588 2725 est,
608 2661 678 2710 curn
701 2632 798 2711 dicet:
821 2643 938 2709 labitur
959 2643 1079 2708 interea
1093 2659 1144 2708 res
1159 2647 1192 2708 et
1206 2641 1398 2727 Babylonica

228 2750 318 2834 liunt,
339 2752 491 2835 languent
510 2752 612 2820 officia
633 2759 730 2837 atque
748 2757 896 2837 aegrotat
916 2753 999 2818 lama
1018 2752 1177 2819 vacillans.

309 2861 422 2948 Vorno;
453 2877 589 2948 exspuo.
645 2865 670 2930 1.
701 2868 777 2931 1244
808 2863 952 2930 lancibus
984 2868 1112 2945 eruptos
1143 2864 1256 2930 iterum
1287 2865 1335 2931 vis
1363 2869 1399 2932 ut

228 2977 334 3038 vomat
353 2973 442 3054 ignis.
485 2971 703 3041 1114144141
731 2975 774 3040 sit
802 2990 927 3058 quoque
953 2973 1017 3037 vita
1038 2973 1200 3040 vomendo.
1242 2974 1295 3041 VI.
1318 2974 1398 3042 894:

229 3083 311 3164 quod
334 3082 433 3149 dulcis
454 3083 536 3150 inter
555 3083 655 3152 salsas
677 3083 856 3151 intervomit
877 3083 987 3150 undas.
1028 3083 1067 3149 ΙΙ.
1093 3089 1166 3149 1994
1195 3089 1260 3149 tarn
1289 3085 1399 3170 cupide

228 3211 351 3259 sursum
371 3195 504 3260 revomit
525 3195 625 3277 magis
641 3201 738 3279 atque
752 3194 893 3261 remittit.
928 3193 1039 3259 Murro
1054 3193 1111 3260 lroc
1126 3193 1193 3260 loco
1207 3194 1400 3277 Naugerium

229 3309 353 3370 secutus
382 3305 553 3370 »revomit«
582 3323 640 3388 pro
670 3308 845 3372 »removet«
874 3304 905 3368 in
934 3307 1052 3369 textum
1079 3305 1203 3385 recepit.
1246 3305 1398 3374 1114474

229 3413 363 3495 (vortex)
377 3413 510 3480 turbinis
524 3415 688 3481 immanem
700 3414 763 3481 vim
777 3415 932 3497 provomit
947 3418 1041 3496 atque
1054 3413 1219 3495 procellae.
1251 3415 1400 3483 Similiter

228 3541 352 3589 vomere
373 3524 561 3590 translatum
582 3529 632 3591 est
651 3527 728 3592 Aen.
750 3525 788 3591 X.
811 3530 887 3591 4144
908 3542 1036 3590 vomens
1056 3524 1190 3590 calidum
1214 3525 1253 3592 de
1273 3531 1399 3609 pectore

227 3631 360 3716 flumeu3
392 3634 466 3700 ibid.
490 3639 567 3701 3494
598 3635 697 3702 vomit
719 3635 770 3700 ille
791 3635 933 3700 animam.
987 3634 1155 3716 compares
1176 3652 1292 3718 quaeso
1315 3637 1397 3720 quod

228 3761 323 3825 supra
346 3749 451 3809 exstat
471 3744 523 3810 Vl.
546 3749 616 3811 828.
636 3781 677 3793 —
693 3747 735 3812 Il.
758 3750 854 3812 1041:
881 3762 1033 3828 exspuere
1053 3745 1213 3813 exanimo
1233 3746 1397 3815 rationem.

227 3852 266 3917 V.
288 3857 363 3918 3524
394 3871 542 3937 respuere
571 3855 660 3922 ictus.
712 3855 764 3923 v1.
787 3860 842 3922 684
873 3873 955 3939 quae
986 3854 1045 3919 nisi
1074 3856 1196 3938 respuis
1227 3874 1265 3922 ex
1295 3859 1397 3926 animo

227 3958 379 4046 longeque
411 3965 553 4030 remittis.
604 3965 811 4050 11.1ocsq.:
843 3983 945 4031 nonne
973 3963 1059 4030 vides
1092 3964 1185 4031 etiam
1215 3974 1336 4052 quanta
1366 3969 1398 4035 vi

227 4071 315 4154 tigna
352 4073 517 4157 trabesque
555 4080 684 4159 respuat
715 4093 804 4143 umor
832 4093 943 4158 aquae.
999 4073 1052 4141 Vl.
1084 4078 1179 4141 10444
1213 4095 1274 4160 quo
1302 4082 1397 4161 pacto

228 4183 349 4264 respuit
376 4183 417 4260 ab
448 4202 483 4250 se
504 4189 598 4266 atque
617 4202 674 4267 per
693 4204 746 4252 aes
773 4184 883 4266 agitat
933 4185 1071 4251 113884
1099 4193 1265 4269 praeterea
1291 4187 1398 4254 lumen
