<?xml version="1.0" encoding="UTF-8"?>
<!DOCTYPE html PUBLIC "-//W3C//DTD XHTML 1.0 Transitional//EN"
    "http://www.w3.org/TR/xhtml1/DTD/xhtml1-transitional.dtd">
<html xmlns="http://www.w3.org/1999/xhtml" xml:lang="en" lang="en">
 <head>
  <title>
</title>
<meta http-equiv="Content-Type" content="text/html;charset=utf-8" />
  <meta name='ocr-system' content='tesseract 3.04.00' />
  <meta name='ocr-capabilities' content='ocr_page ocr_carea ocr_par ocr_line ocrx_word'/>
</head>
<body>
  <div class='ocr_page' id='page_1' title='image "./detlucretiicari00spangoog_0037.png"; bbox 0 0 2966 4928; ppageno 0'>
   <div class='ocr_carea' id='block_1_1' title="bbox 783 379 822 441">
    <p class='ocr_par' dir='ltr' id='par_1_1' title="bbox 783 379 822 441">
     <span class='ocr_line' id='line_1_1' title="bbox 783 379 822 441; baseline 0.026 -1"><span class='ocrx_word' id='word_1_1' title='bbox 783 379 822 441; x_wconf 80' lang='lat'><strong>28</strong></span> 
     </span>
    </p>
   </div>
   <div class='ocr_carea' id='block_1_2' title="bbox 120 553 1394 638">
    <p class='ocr_par' dir='ltr' id='par_1_2' title="bbox 120 553 1394 638">
     <span class='ocr_line' id='line_1_2' title="bbox 120 553 1394 638; baseline 0 -18"><span class='ocrx_word' id='word_1_2' title='bbox 120 577 123 583; x_wconf 90' lang='lat'>·</span> <span class='ocrx_word' id='word_1_3' title='bbox 221 561 252 620; x_wconf 90' lang='lat' dir='ltr'><strong>et</strong></span> <span class='ocrx_word' id='word_1_4' title='bbox 274 561 379 622; x_wconf 88' lang='lat' dir='ltr'><strong>auster</strong></span> <span class='ocrx_word' id='word_1_5' title='bbox 399 555 526 621; x_wconf 83' lang='lat' dir='ltr'>fulmine</span> <span class='ocrx_word' id='word_1_6' title='bbox 547 553 674 636; x_wconf 86' lang='lat' dir='ltr'><strong>pollens.</strong></span> <span class='ocrx_word' id='word_1_7' title='bbox 697 553 822 618; x_wconf 87' lang='lat' dir='ltr'><strong>taudem</strong></span> <span class='ocrx_word' id='word_1_8' title='bbox 844 554 955 619; x_wconf 90' lang='lat' dir='ltr'><strong>bruma</strong></span> <span class='ocrx_word' id='word_1_9' title='bbox 975 554 1061 618; x_wconf 88' lang='lat' dir='ltr'><strong>nives</strong></span> <span class='ocrx_word' id='word_1_10' title='bbox 1083 553 1187 619; x_wconf 81' lang='lat' dir='ltr'><strong>adlmt</strong></span> <span class='ocrx_word' id='word_1_11' title='bbox 1207 556 1394 638; x_wconf 85' lang='lat' dir='ltr'><strong>pigrumque</strong></span> 
     </span>
    </p>
   </div>
   <div class='ocr_carea' id='block_1_3' title="bbox 176 662 1402 4266">
    <p class='ocr_par' dir='ltr' id='par_1_3' title="bbox 176 662 1402 4266">
     <span class='ocr_line' id='line_1_3' title="bbox 222 662 1394 746; baseline -0.001 -17"><span class='ocrx_word' id='word_1_12' title='bbox 222 664 373 745; x_wconf 83' lang='lat' dir='ltr'><strong>rigorem,</strong></span> <span class='ocrx_word' id='word_1_13' title='bbox 395 662 499 746; x_wconf 79' lang='lat' dir='ltr'>prodit</span> <span class='ocrx_word' id='word_1_14' title='bbox 520 662 657 745; x_wconf 83' lang='lat' dir='ltr'>hiemps,</span> <span class='ocrx_word' id='word_1_15' title='bbox 686 665 826 746; x_wconf 89' lang='lat' dir='ltr'><strong>sequitur</strong></span> <span class='ocrx_word' id='word_1_16' title='bbox 847 665 1004 746; x_wconf 79' lang='lat' dir='ltr'><strong>crepitans</strong></span> <span class='ocrx_word' id='word_1_17' title='bbox 1025 665 1104 730; x_wconf 89' lang='lat' dir='ltr'><strong>hauc</strong></span> <span class='ocrx_word' id='word_1_18' title='bbox 1126 663 1273 730; x_wconf 84' lang='lat' dir='ltr'><strong>dentibus</strong></span> <span class='ocrx_word' id='word_1_19' title='bbox 1295 665 1394 746; x_wconf 89' lang='lat' dir='ltr'><strong>algor.</strong></span> 
     </span>
     <span class='ocr_line' id='line_1_4' title="bbox 222 773 1396 856; baseline 0.003 -18"><span class='ocrx_word' id='word_1_20' title='bbox 222 775 247 839; x_wconf 88' lang='lat'><strong>1.</strong></span> <span class='ocrx_word' id='word_1_21' title='bbox 268 779 342 839; x_wconf 83' lang='lat'><strong>899:</strong></span> <span class='ocrx_word' id='word_1_22' title='bbox 372 773 482 840; x_wconf 87' lang='lat' dir='ltr'><strong>validis</strong></span> <span class='ocrx_word' id='word_1_23' title='bbox 511 775 613 840; x_wconf 87' lang='lat' dir='ltr'><strong>lacere</strong></span> <span class='ocrx_word' id='word_1_24' title='bbox 639 775 670 838; x_wconf 93' lang='lat' dir='ltr'><strong>id</strong></span> <span class='ocrx_word' id='word_1_25' title='bbox 700 773 882 856; x_wconf 81' lang='lat' dir='ltr'><strong>cogentibus</strong></span> <span class='ocrx_word' id='word_1_26' title='bbox 912 775 1036 840; x_wconf 90' lang='lat' dir='ltr'><strong>austris.</strong></span> <span class='ocrx_word' id='word_1_27' title='bbox 1089 775 1141 841; x_wconf 86' lang='lat' dir='ltr'><strong>VI.</strong></span> <span class='ocrx_word' id='word_1_28' title='bbox 1165 779 1223 838; x_wconf 81' lang='grc'><strong>116</strong></span> <span class='ocrx_word' id='word_1_29' title='bbox 1245 792 1306 856; x_wconf 77' lang='lat' dir='ltr'><strong>sp:</strong></span> <span class='ocrx_word' id='word_1_30' title='bbox 1337 781 1396 840; x_wconf 88' lang='lat' dir='ltr'><strong>aut</strong></span> 
     </span>
     <span class='ocr_line' id='line_1_5' title="bbox 223 883 1395 966; baseline 0.003 -18"><span class='ocrx_word' id='word_1_31' title='bbox 223 885 295 965; x_wconf 87' lang='lat' dir='ltr'><strong>quia</strong></span> <span class='ocrx_word' id='word_1_32' title='bbox 316 889 390 949; x_wconf 87' lang='lat' dir='ltr'><strong>suut</strong></span> <span class='ocrx_word' id='word_1_33' title='bbox 411 891 532 949; x_wconf 82' lang='lat' dir='ltr'><strong>aestate</strong></span> <span class='ocrx_word' id='word_1_34' title='bbox 554 883 714 966; x_wconf 85' lang='lat' dir='ltr'><strong>aquilones</strong></span> <span class='ocrx_word' id='word_1_35' title='bbox 736 883 818 949; x_wconf 90' lang='lat' dir='ltr'><strong>ostia</strong></span> <span class='ocrx_word' id='word_1_36' title='bbox 840 891 950 948; x_wconf 89' lang='lat' dir='ltr'><strong>contra</strong></span> <span class='ocrx_word' id='word_1_37' title='bbox 972 935 979 950; x_wconf 88' lang='lat'><strong>.</strong></span> <span class='ocrx_word' id='word_1_38' title='bbox 999 935 1005 949; x_wconf 90' lang='lat'><em>.</em></span> <span class='ocrx_word' id='word_1_39' title='bbox 1026 936 1033 950; x_wconf 91' lang='lat'><strong>.</strong></span> <span class='ocrx_word' id='word_1_40' title='bbox 1054 935 1060 950; x_wconf 87' lang='lat'><strong>.</strong></span> <span class='ocrx_word' id='word_1_41' title='bbox 1082 891 1114 949; x_wconf 93' lang='lat' dir='ltr'><strong>et</strong></span> <span class='ocrx_word' id='word_1_42' title='bbox 1136 891 1245 950; x_wconf 90' lang='lat' dir='ltr'><strong>contra</strong></span> <span class='ocrx_word' id='word_1_43' title='bbox 1265 883 1395 951; x_wconf 85' lang='lat' dir='ltr'><strong>fluuium</strong></span> 
     </span>
     <span class='ocr_line' id='line_1_6' title="bbox 222 993 1396 1076; baseline 0.002 -18"><span class='ocrx_word' id='word_1_44' title='bbox 222 993 335 1059; x_wconf 88' lang='lat' dir='ltr'><strong>flantes</strong></span> <span class='ocrx_word' id='word_1_45' title='bbox 356 999 556 1059; x_wconf 86' lang='lat' dir='ltr'><strong>remorantur</strong></span> <span class='ocrx_word' id='word_1_46' title='bbox 576 1001 606 1058; x_wconf 91' lang='grc'><strong>01</strong></span> <span class='ocrx_word' id='word_1_47' title='bbox 629 993 728 1060; x_wconf 88' lang='lat' dir='ltr'><strong>undas</strong></span> <span class='ocrx_word' id='word_1_48' title='bbox 756 999 903 1074; x_wconf 84' lang='lat' dir='ltr'><strong>cogentes</strong></span> <span class='ocrx_word' id='word_1_49' title='bbox 932 1011 1042 1059; x_wconf 88' lang='grc'>601606</span> <span class='ocrx_word' id='word_1_50' title='bbox 1069 993 1191 1075; x_wconf 87' lang='lat' dir='ltr'><strong>replent</strong></span> <span class='ocrx_word' id='word_1_51' title='bbox 1218 1000 1396 1076; x_wconf 84' lang='lat' dir='ltr'><strong>coguntque</strong></span> 
     </span>
     <span class='ocr_line' id='line_1_7' title="bbox 221 1103 1397 1186; baseline 0.002 -17"><span class='ocrx_word' id='word_1_52' title='bbox 221 1122 353 1169; x_wconf 87' lang='lat' dir='ltr'><strong>mouere.</strong></span> <span class='ocrx_word' id='word_1_53' title='bbox 396 1103 556 1168; x_wconf 87' lang='lat' dir='ltr'><strong>Permulta</strong></span> <span class='ocrx_word' id='word_1_54' title='bbox 576 1110 737 1186; x_wconf 90' lang='lat' dir='ltr'><strong>praeterea</strong></span> <span class='ocrx_word' id='word_1_55' title='bbox 755 1103 907 1185; x_wconf 88' lang='lat' dir='ltr'><strong>exempla</strong></span> <span class='ocrx_word' id='word_1_56' title='bbox 937 1104 1152 1184; x_wconf 87' lang='lat' dir='ltr'><strong>inveniuntur,</strong></span> <span class='ocrx_word' id='word_1_57' title='bbox 1183 1123 1261 1186; x_wconf 87' lang='lat' dir='ltr'><strong>quae</strong></span> <span class='ocrx_word' id='word_1_58' title='bbox 1292 1105 1397 1171; x_wconf 88' lang='lat' dir='ltr'><strong>omnia</strong></span> 
     </span>
     <span class='ocr_line' id='line_1_8' title="bbox 222 1213 1397 1296; baseline -0.001 -17"><span class='ocrx_word' id='word_1_59' title='bbox 222 1232 403 1286; x_wconf 87' lang='lat' dir='ltr'><strong>enumerare</strong></span> <span class='ocrx_word' id='word_1_60' title='bbox 425 1213 550 1296; x_wconf 91' lang='lat' dir='ltr'><strong>longum</strong></span> <span class='ocrx_word' id='word_1_61' title='bbox 572 1218 629 1278; x_wconf 87' lang='lat' dir='ltr'><strong>eat</strong></span> <span class='ocrx_word' id='word_1_62' title='bbox 660 1215 736 1279; x_wconf 80' lang='lat' dir='ltr'><strong>Aen.</strong></span> <span class='ocrx_word' id='word_1_63' title='bbox 753 1214 793 1279; x_wconf 91' lang='grc'><strong>11.</strong></span> <span class='ocrx_word' id='word_1_64' title='bbox 811 1219 883 1279; x_wconf 79' lang='lat'>304:</span> <span class='ocrx_word' id='word_1_65' title='bbox 905 1213 1080 1279; x_wconf 83' lang='lat' dir='ltr'><strong>furentibus</strong></span> <span class='ocrx_word' id='word_1_66' title='bbox 1102 1215 1231 1292; x_wconf 85' lang='lat' dir='ltr'><strong>austris;</strong></span> <span class='ocrx_word' id='word_1_67' title='bbox 1253 1215 1301 1280; x_wconf 87' lang='lat' dir='ltr'>III.</span> <span class='ocrx_word' id='word_1_68' title='bbox 1317 1220 1397 1279; x_wconf 79' lang='lat'><strong>356:</strong></span> 
     </span>
     <span class='ocr_line' id='line_1_9' title="bbox 176 1323 1396 1414; baseline 0.002 -26"><span class='ocrx_word' id='word_1_69' title='bbox 176 1407 179 1414; x_wconf 16' lang='grc' dir='ltr'><strong>Α</strong></span> <span class='ocrx_word' id='word_1_70' title='bbox 223 1343 320 1390; x_wconf 89' lang='lat' dir='ltr'><strong>aurae</strong></span> <span class='ocrx_word' id='word_1_71' title='bbox 343 1323 410 1388; x_wconf 88' lang='lat' dir='ltr'><strong>vela</strong></span> <span class='ocrx_word' id='word_1_72' title='bbox 430 1329 555 1400; x_wconf 80' lang='lat' dir='ltr'><strong>uocuut3</strong></span> <span class='ocrx_word' id='word_1_73' title='bbox 578 1325 614 1388; x_wconf 90' lang='lat' dir='ltr'><strong>V.</strong></span> <span class='ocrx_word' id='word_1_74' title='bbox 631 1328 703 1389; x_wconf 80' lang='lat'><strong>764:</strong></span> <span class='ocrx_word' id='word_1_75' title='bbox 725 1329 817 1389; x_wconf 88' lang='lat' dir='ltr'><strong>vocat</strong></span> <span class='ocrx_word' id='word_1_76' title='bbox 838 1330 946 1389; x_wconf 88' lang='lat' dir='ltr'><strong>auster</strong></span> <span class='ocrx_word' id='word_1_77' title='bbox 968 1325 1000 1389; x_wconf 92' lang='lat' dir='ltr'><strong>iu</strong></span> <span class='ocrx_word' id='word_1_78' title='bbox 1022 1324 1130 1389; x_wconf 87' lang='lat' dir='ltr'><strong>altum.</strong></span> <span class='ocrx_word' id='word_1_79' title='bbox 1168 1323 1233 1390; x_wconf 88' lang='lat' dir='ltr'><strong>Vel.</strong></span> <span class='ocrx_word' id='word_1_80' title='bbox 1251 1325 1302 1390; x_wconf 93' lang='lat' dir='ltr'><strong>IV.</strong></span> <span class='ocrx_word' id='word_1_81' title='bbox 1320 1329 1396 1391; x_wconf 80' lang='lat'><strong>270:</strong></span> 
     </span>
     <span class='ocr_line' id='line_1_10' title="bbox 224 1432 1397 1514; baseline 0.003 -17"><span class='ocrx_word' id='word_1_82' title='bbox 224 1433 324 1498; x_wconf 88' lang='lat' dir='ltr'><strong>ventis</strong></span> <span class='ocrx_word' id='word_1_83' title='bbox 346 1434 553 1513; x_wconf 87' lang='lat' dir='ltr'><strong>certantibus;</strong></span> <span class='ocrx_word' id='word_1_84' title='bbox 576 1433 627 1499; x_wconf 92' lang='lat' dir='ltr'><strong>VI.</strong></span> <span class='ocrx_word' id='word_1_85' title='bbox 642 1438 735 1498; x_wconf 79' lang='lat' dir='ltr'><strong>ludo:</strong></span> <span class='ocrx_word' id='word_1_86' title='bbox 759 1432 870 1498; x_wconf 86' lang='lat' dir='ltr'><strong>alludit</strong></span> <span class='ocrx_word' id='word_1_87' title='bbox 892 1440 1012 1514; x_wconf 81' lang='lat' dir='ltr'><strong>auster3</strong></span> <span class='ocrx_word' id='word_1_88' title='bbox 1037 1433 1192 1514; x_wconf 89' lang='lat' dir='ltr'><strong>Vergilius</strong></span> <span class='ocrx_word' id='word_1_89' title='bbox 1217 1435 1291 1500; x_wconf 85' lang='lat' dir='ltr'><strong>Aeu.</strong></span> <span class='ocrx_word' id='word_1_90' title='bbox 1311 1436 1333 1500; x_wconf 87' lang='lat'><strong>1.</strong></span> <span class='ocrx_word' id='word_1_91' title='bbox 1357 1442 1397 1500; x_wconf 80' lang='lat'><strong>55</strong></span> 
     </span>
     <span class='ocr_line' id='line_1_11' title="bbox 223 1542 1398 1626; baseline 0.003 -18"><span class='ocrx_word' id='word_1_92' title='bbox 223 1543 364 1608; x_wconf 87' lang='lat' dir='ltr'><strong>similiter</strong></span> <span class='ocrx_word' id='word_1_93' title='bbox 387 1563 424 1610; x_wconf 90' lang='lat' dir='ltr'><strong>ac</strong></span> <span class='ocrx_word' id='word_1_94' title='bbox 446 1552 599 1626; x_wconf 91' lang='lat' dir='ltr'><strong>utsupra</strong></span> <span class='ocrx_word' id='word_1_95' title='bbox 622 1543 785 1608; x_wconf 87' lang='lat' dir='ltr'><strong>Lucretius</strong></span> <span class='ocrx_word' id='word_1_96' title='bbox 814 1542 853 1607; x_wconf 92' lang='lat' dir='ltr'><strong>de</strong></span> <span class='ocrx_word' id='word_1_97' title='bbox 882 1543 982 1608; x_wconf 90' lang='lat' dir='ltr'><strong>ventis</strong></span> <span class='ocrx_word' id='word_1_98' title='bbox 1004 1542 1093 1609; x_wconf 92' lang='lat' dir='ltr'><strong>dicit:</strong></span> <span class='ocrx_word' id='word_1_99' title='bbox 1123 1543 1167 1609; x_wconf 88' lang='lat' dir='ltr'><strong>illi</strong></span> <span class='ocrx_word' id='word_1_100' title='bbox 1194 1544 1398 1626; x_wconf 85' lang='lat' dir='ltr'><strong>indignantes</strong></span> 
     </span>
     <span class='ocr_line' id='line_1_12' title="bbox 225 1652 1398 1734; baseline 0.004 -17"><span class='ocrx_word' id='word_1_101' title='bbox 225 1671 337 1734; x_wconf 89' lang='lat' dir='ltr'><strong>magno</strong></span> <span class='ocrx_word' id='word_1_102' title='bbox 367 1671 437 1719; x_wconf 91' lang='lat' dir='ltr'><strong>curn</strong></span> <span class='ocrx_word' id='word_1_103' title='bbox 464 1671 621 1719; x_wconf 87' lang='lat' dir='ltr'><strong>murmure</strong></span> <span class='ocrx_word' id='word_1_104' title='bbox 643 1653 758 1716; x_wconf 89' lang='lat' dir='ltr'><strong>montis</strong></span> <span class='ocrx_word' id='word_1_105' title='bbox 780 1653 892 1718; x_wconf 89' lang='lat' dir='ltr'><strong>circum</strong></span> <span class='ocrx_word' id='word_1_106' title='bbox 916 1652 1051 1716; x_wconf 76' lang='lat' dir='ltr'><strong>claustra</strong></span> <span class='ocrx_word' id='word_1_107' title='bbox 1074 1652 1218 1719; x_wconf 84' lang='lat' dir='ltr'><strong>fremunt.</strong></span> <span class='ocrx_word' id='word_1_108' title='bbox 1241 1690 1281 1700; x_wconf 97' lang='lat'>—</span> <span class='ocrx_word' id='word_1_109' title='bbox 1302 1655 1398 1723; x_wconf 88' lang='lat' dir='ltr'><strong>Lucr.</strong></span> 
     </span>
     <span class='ocr_line' id='line_1_13' title="bbox 226 1762 1401 1831; baseline 0 -1"><span class='ocrx_word' id='word_1_110' title='bbox 226 1763 278 1830; x_wconf 88' lang='lat' dir='ltr'><strong>VI.</strong></span> <span class='ocrx_word' id='word_1_111' title='bbox 302 1769 377 1828; x_wconf 80' lang='lat'><strong>277:</strong></span> <span class='ocrx_word' id='word_1_112' title='bbox 407 1765 583 1829; x_wconf 89' lang='lat' dir='ltr'><strong>insinuatus</strong></span> <span class='ocrx_word' id='word_1_113' title='bbox 610 1762 653 1828; x_wconf 92' lang='lat' dir='ltr'><strong>ibi</strong></span> <span class='ocrx_word' id='word_1_114' title='bbox 683 1768 794 1827; x_wconf 84' lang='lat' dir='ltr'><strong>vortex</strong></span> <span class='ocrx_word' id='word_1_115' title='bbox 815 1769 958 1827; x_wconf 87' lang='lat' dir='ltr'><strong>versatur</strong></span> <span class='ocrx_word' id='word_1_116' title='bbox 979 1763 1009 1826; x_wconf 93' lang='lat' dir='ltr'><strong>in</strong></span> <span class='ocrx_word' id='word_1_117' title='bbox 1032 1768 1101 1827; x_wconf 88' lang='grc'>6110</span> <span class='ocrx_word' id='word_1_118' title='bbox 1126 1772 1159 1828; x_wconf 85' lang='grc'><strong>61</strong></span> <span class='ocrx_word' id='word_1_119' title='bbox 1182 1765 1289 1830; x_wconf 86' lang='lat' dir='ltr'><strong>calidis</strong></span> <span class='ocrx_word' id='word_1_120' title='bbox 1311 1766 1401 1831; x_wconf 87' lang='lat' dir='ltr'><strong>ecuit</strong></span> 
     </span>
     <span class='ocr_line' id='line_1_14' title="bbox 224 1871 1400 1956; baseline 0.001 -17"><span class='ocrx_word' id='word_1_121' title='bbox 224 1873 340 1940; x_wconf 81' lang='lat' dir='ltr'><strong>iulmen‘</strong></span> <span class='ocrx_word' id='word_1_122' title='bbox 356 1873 531 1938; x_wconf 84' lang='lat' dir='ltr'><strong>fornacibus</strong></span> <span class='ocrx_word' id='word_1_123' title='bbox 552 1873 645 1937; x_wconf 87' lang='lat' dir='ltr'><strong>lutus.</strong></span> <span class='ocrx_word' id='word_1_124' title='bbox 674 1908 712 1918; x_wconf 88' lang='lat'><em>-</em></span> <span class='ocrx_word' id='word_1_125' title='bbox 741 1873 794 1938; x_wconf 87' lang='lat' dir='ltr'><strong>VI.</strong></span> <span class='ocrx_word' id='word_1_126' title='bbox 818 1878 877 1938; x_wconf 85' lang='lat'><strong>146</strong></span> <span class='ocrx_word' id='word_1_127' title='bbox 899 1889 961 1954; x_wconf 89' lang='lat' dir='ltr'><strong>sq.:</strong></span> <span class='ocrx_word' id='word_1_128' title='bbox 992 1871 1125 1956; x_wconf 86' lang='lat' dir='ltr'><strong>(nubes)</strong></span> <span class='ocrx_word' id='word_1_129' title='bbox 1155 1873 1231 1939; x_wconf 90' lang='lat' dir='ltr'><strong>hacc</strong></span> <span class='ocrx_word' id='word_1_130' title='bbox 1252 1875 1348 1940; x_wconf 85' lang='lat' dir='ltr'><strong>multo</strong></span> <span class='ocrx_word' id='word_1_131' title='bbox 1373 1877 1400 1941; x_wconf 90' lang='lat' dir='ltr'><strong>si</strong></span> 
     </span>
     <span class='ocr_line' id='line_1_15' title="bbox 223 1983 1398 2064; baseline 0.003 -16"><span class='ocrx_word' id='word_1_132' title='bbox 223 1983 304 2049; x_wconf 88' lang='lat' dir='ltr'><strong>lorte</strong></span> <span class='ocrx_word' id='word_1_133' title='bbox 333 2001 439 2048; x_wconf 89' lang='lat' dir='ltr'><strong>umore</strong></span> <span class='ocrx_word' id='word_1_134' title='bbox 468 1984 585 2064; x_wconf 90' lang='lat' dir='ltr'><strong>recepit</strong></span> <span class='ocrx_word' id='word_1_135' title='bbox 606 1983 725 2064; x_wconf 85' lang='lat' dir='ltr'><strong>ignem,</strong></span> <span class='ocrx_word' id='word_1_136' title='bbox 757 1983 906 2048; x_wconf 91' lang='lat' dir='ltr'><strong>continuo</strong></span> <span class='ocrx_word' id='word_1_137' title='bbox 938 2001 1051 2064; x_wconf 84' lang='lat' dir='ltr'><strong>magno</strong></span> <span class='ocrx_word' id='word_1_138' title='bbox 1086 1983 1218 2049; x_wconf 87' lang='lat' dir='ltr'><strong>clamore</strong></span> <span class='ocrx_word' id='word_1_139' title='bbox 1248 1985 1398 2051; x_wconf 87' lang='lat' dir='ltr'><strong>trucidat.</strong></span> 
     </span>
     <span class='ocr_line' id='line_1_16' title="bbox 225 2092 1399 2176; baseline 0.002 -18"><span class='ocrx_word' id='word_1_140' title='bbox 225 2095 275 2160; x_wconf 92' lang='lat' dir='ltr'><strong>VI.</strong></span> <span class='ocrx_word' id='word_1_141' title='bbox 299 2099 356 2158; x_wconf 93' lang='grc'><strong>116</strong></span> <span class='ocrx_word' id='word_1_142' title='bbox 378 2112 441 2175; x_wconf 91' lang='lat' dir='ltr'><strong>sq.:</strong></span> <span class='ocrx_word' id='word_1_143' title='bbox 463 2093 500 2158; x_wconf 87' lang='lat' dir='ltr'><strong>fit</strong></span> <span class='ocrx_word' id='word_1_144' title='bbox 516 2111 640 2176; x_wconf 90' lang='lat' dir='ltr'><strong>quoque</strong></span> <span class='ocrx_word' id='word_1_145' title='bbox 663 2092 745 2158; x_wconf 89' lang='lat' dir='ltr'><strong>enim</strong></span> <span class='ocrx_word' id='word_1_146' title='bbox 766 2093 847 2157; x_wconf 90' lang='lat' dir='ltr'><strong>iuter</strong></span> <span class='ocrx_word' id='word_1_147' title='bbox 868 2092 938 2158; x_wconf 90' lang='lat' dir='ltr'><strong>dum</strong></span> <span class='ocrx_word' id='word_1_148' title='bbox 969 2098 1004 2158; x_wconf 92' lang='lat' dir='ltr'><strong>ut</strong></span> <span class='ocrx_word' id='word_1_149' title='bbox 1031 2112 1094 2158; x_wconf 89' lang='lat' dir='ltr'><strong>nou</strong></span> <span class='ocrx_word' id='word_1_150' title='bbox 1121 2099 1186 2158; x_wconf 91' lang='lat' dir='ltr'><strong>tam</strong></span> <span class='ocrx_word' id='word_1_151' title='bbox 1213 2113 1399 2160; x_wconf 88' lang='lat' dir='ltr'><strong>concurrere</strong></span> 
     </span>
     <span class='ocr_line' id='line_1_17' title="bbox 226 2202 1400 2285; baseline 0.002 -17"><span class='ocrx_word' id='word_1_152' title='bbox 226 2204 322 2269; x_wconf 87' lang='lat' dir='ltr'><strong>nubes</strong></span> <span class='ocrx_word' id='word_1_153' title='bbox 342 2204 493 2269; x_wconf 82' lang='lat' dir='ltr'><strong>frontibus</strong></span> <span class='ocrx_word' id='word_1_154' title='bbox 521 2203 661 2268; x_wconf 88' lang='lat' dir='ltr'><strong>adversis</strong></span> <span class='ocrx_word' id='word_1_155' title='bbox 689 2202 818 2285; x_wconf 88' lang='lat' dir='ltr'><strong>possint.</strong></span> <span class='ocrx_word' id='word_1_156' title='bbox 868 2202 921 2266; x_wconf 91' lang='lat' dir='ltr'><strong>Vl.</strong></span> <span class='ocrx_word' id='word_1_157' title='bbox 945 2208 1020 2268; x_wconf 81' lang='lat'>509:</span> <span class='ocrx_word' id='word_1_158' title='bbox 1051 2202 1149 2268; x_wconf 90' lang='lat' dir='ltr'><strong>nubes</strong></span> <span class='ocrx_word' id='word_1_159' title='bbox 1177 2253 1244 2268; x_wconf 88' lang='lat'><strong>...</strong></span> <span class='ocrx_word' id='word_1_160' title='bbox 1272 2206 1400 2270; x_wconf 88' lang='lat' dir='ltr'><strong>mittere</strong></span> 
     </span>
     <span class='ocr_line' id='line_1_18' title="bbox 226 2311 1401 2396; baseline 0.001 -17"><span class='ocrx_word' id='word_1_161' title='bbox 226 2319 357 2380; x_wconf 87' lang='lat' dir='ltr'><strong>certant.</strong></span> <span class='ocrx_word' id='word_1_162' title='bbox 380 2347 418 2360; x_wconf 88' lang='lat'><strong>·-</strong></span> <span class='ocrx_word' id='word_1_163' title='bbox 441 2313 477 2376; x_wconf 90' lang='lat' dir='ltr'><strong>V.</strong></span> <span class='ocrx_word' id='word_1_164' title='bbox 504 2311 625 2396; x_wconf 77' lang='lat'>1092⁸)</span> <span class='ocrx_word' id='word_1_165' title='bbox 648 2331 709 2394; x_wconf 91' lang='lat' dir='ltr'><strong>sq.:</strong></span> <span class='ocrx_word' id='word_1_166' title='bbox 740 2311 852 2376; x_wconf 81' lang='lat' dir='ltr'><strong>tulmen</strong></span> <span class='ocrx_word' id='word_1_167' title='bbox 876 2311 988 2382; x_wconf 88' lang='lat' dir='ltr'><strong>detulit</strong></span> <span class='ocrx_word' id='word_1_168' title='bbox 1009 2313 1041 2376; x_wconf 92' lang='lat' dir='ltr'><strong>in</strong></span> <span class='ocrx_word' id='word_1_169' title='bbox 1068 2317 1183 2378; x_wconf 90' lang='lat' dir='ltr'><strong>terram</strong></span> <span class='ocrx_word' id='word_1_170' title='bbox 1212 2315 1401 2380; x_wconf 88' lang='lat' dir='ltr'><strong>mortalibus</strong></span> 
     </span>
     <span class='ocr_line' id='line_1_19' title="bbox 226 2421 1402 2506; baseline 0.002 -18"><span class='ocrx_word' id='word_1_171' title='bbox 226 2425 338 2505; x_wconf 91' lang='lat' dir='ltr'><strong>iguem.</strong></span> <span class='ocrx_word' id='word_1_172' title='bbox 372 2423 423 2488; x_wconf 90' lang='lat' dir='ltr'><strong>VI.</strong></span> <span class='ocrx_word' id='word_1_173' title='bbox 448 2428 507 2488; x_wconf 81' lang='lat'><strong>223</strong></span> <span class='ocrx_word' id='word_1_174' title='bbox 528 2441 589 2504; x_wconf 89' lang='lat' dir='ltr'><strong>sq.:</strong></span> <span class='ocrx_word' id='word_1_175' title='bbox 611 2421 764 2502; x_wconf 76' lang='lat' dir='ltr'><strong>(fulminat</strong></span> <span class='ocrx_word' id='word_1_176' title='bbox 783 2430 948 2504; x_wconf 87' lang='lat' dir='ltr'><strong>praeterea</strong></span> <span class='ocrx_word' id='word_1_177' title='bbox 968 2441 1060 2505; x_wconf 88' lang='lat' dir='ltr'><strong>saepe</strong></span> <span class='ocrx_word' id='word_1_178' title='bbox 1082 2424 1255 2490; x_wconf 89' lang='lat' dir='ltr'><strong>accendunt</strong></span> <span class='ocrx_word' id='word_1_179' title='bbox 1276 2443 1402 2506; x_wconf 88' lang='lat' dir='ltr'><strong>quoque</strong></span> 
     </span>
     <span class='ocr_line' id='line_1_20' title="bbox 226 2529 1400 2616; baseline -0.002 -18"><span class='ocrx_word' id='word_1_180' title='bbox 226 2540 309 2599; x_wconf 88' lang='lat' dir='ltr'><strong>tecta</strong></span> <span class='ocrx_word' id='word_1_181' title='bbox 342 2533 501 2598; x_wconf 92' lang='lat' dir='ltr'><strong>domorum</strong></span> <span class='ocrx_word' id='word_1_182' title='bbox 533 2541 565 2596; x_wconf 92' lang='lat' dir='ltr'><strong>et</strong></span> <span class='ocrx_word' id='word_1_183' title='bbox 595 2529 686 2596; x_wconf 89' lang='lat' dir='ltr'><strong>celeri</strong></span> <span class='ocrx_word' id='word_1_184' title='bbox 716 2531 841 2597; x_wconf 87' lang='lat' dir='ltr'><strong>damma</strong></span> <span class='ocrx_word' id='word_1_185' title='bbox 868 2532 1064 2597; x_wconf 87' lang='lat' dir='ltr'><strong>dominantur</strong></span> <span class='ocrx_word' id='word_1_186' title='bbox 1093 2534 1123 2598; x_wconf 89' lang='lat' dir='ltr'><strong>in</strong></span> <span class='ocrx_word' id='word_1_187' title='bbox 1152 2533 1282 2600; x_wconf 89' lang='lat' dir='ltr'><strong>aedibus</strong></span> <span class='ocrx_word' id='word_1_188' title='bbox 1314 2535 1400 2616; x_wconf 84' lang='lat' dir='ltr'><strong>ipsis</strong></span> 
     </span>
     <span class='ocr_line' id='line_1_21' title="bbox 217 2639 1400 2725; baseline 0.001 -17"><span class='ocrx_word' id='word_1_189' title='bbox 217 2643 249 2709; x_wconf 79' lang='grc' dir='ltr'><strong>-Ι,</strong></span> <span class='ocrx_word' id='word_1_190' title='bbox 264 2648 336 2708; x_wconf 67' lang='grc'>7611</span> <span class='ocrx_word' id='word_1_191' title='bbox 352 2642 482 2708; x_wconf 83' lang='lat' dir='ltr'><strong>fulmina</strong></span> <span class='ocrx_word' id='word_1_192' title='bbox 494 2639 654 2722; x_wconf 81' lang='lat' dir='ltr'><strong>diffugere.</strong></span> <span class='ocrx_word' id='word_1_193' title='bbox 679 2678 706 2686; x_wconf 91' lang='lat'><strong>-·</strong></span> <span class='ocrx_word' id='word_1_194' title='bbox 722 2640 758 2706; x_wconf 88' lang='lat' dir='ltr'><strong>V.</strong></span> <span class='ocrx_word' id='word_1_195' title='bbox 775 2647 847 2708; x_wconf 79' lang='lat'>174:</span> <span class='ocrx_word' id='word_1_196' title='bbox 864 2648 1012 2708; x_wconf 86' lang='lat' dir='ltr'><strong>autumno</strong></span> <span class='ocrx_word' id='word_1_197' title='bbox 1025 2644 1184 2708; x_wconf 87' lang='lat' dir='ltr'><strong>suadente.</strong></span> <span class='ocrx_word' id='word_1_198' title='bbox 1205 2643 1256 2709; x_wconf 90' lang='lat' dir='ltr'><strong>VI.</strong></span> <span class='ocrx_word' id='word_1_199' title='bbox 1269 2649 1323 2708; x_wconf 88' lang='grc'><strong>641</strong></span> <span class='ocrx_word' id='word_1_200' title='bbox 1338 2663 1400 2725; x_wconf 75' lang='lat' dir='ltr'><strong>su:</strong></span> 
     </span>
     <span class='ocr_line' id='line_1_22' title="bbox 225 2749 1401 2836; baseline 0.001 -18"><span class='ocrx_word' id='word_1_201' title='bbox 225 2751 426 2836; x_wconf 88' lang='lat' dir='ltr'><strong>nequeenim</strong></span> <span class='ocrx_word' id='word_1_202' title='bbox 448 2749 591 2816; x_wconf 91' lang='lat' dir='ltr'><strong>mediocri</strong></span> <span class='ocrx_word' id='word_1_203' title='bbox 613 2749 700 2816; x_wconf 87' lang='lat' dir='ltr'><strong>clade</strong></span> <span class='ocrx_word' id='word_1_204' title='bbox 729 2757 837 2817; x_wconf 87' lang='lat' dir='ltr'><strong>coorta</strong></span> <span class='ocrx_word' id='word_1_205' title='bbox 866 2757 1035 2834; x_wconf 85' lang='lat' dir='ltr'><strong>tempestas</strong></span> <span class='ocrx_word' id='word_1_206' title='bbox 1058 2752 1192 2819; x_wconf 87' lang='lat' dir='ltr'><strong>Siculum</strong></span> <span class='ocrx_word' id='word_1_207' title='bbox 1222 2752 1401 2819; x_wconf 87' lang='lat' dir='ltr'><strong>dominatur·</strong></span> 
     </span>
     <span class='ocr_line' id='line_1_23' title="bbox 225 2861 1399 2948; baseline 0.002 -19"><span class='ocrx_word' id='word_1_208' title='bbox 225 2883 280 2948; x_wconf 88' lang='lat' dir='ltr'><strong>per</strong></span> <span class='ocrx_word' id='word_1_209' title='bbox 294 2881 395 2944; x_wconf 90' lang='lat' dir='ltr'><strong>agros.</strong></span> <span class='ocrx_word' id='word_1_210' title='bbox 431 2862 481 2927; x_wconf 88' lang='lat' dir='ltr'><strong>VI.</strong></span> <span class='ocrx_word' id='word_1_211' title='bbox 496 2865 554 2926; x_wconf 77' lang='lat'><strong>355</strong></span> <span class='ocrx_word' id='word_1_212' title='bbox 567 2877 627 2942; x_wconf 72' lang='lat' dir='ltr'><strong>su:</strong></span> <span class='ocrx_word' id='word_1_213' title='bbox 650 2880 716 2926; x_wconf 91' lang='lat' dir='ltr'><strong>cum</strong></span> <span class='ocrx_word' id='word_1_214' title='bbox 733 2861 900 2927; x_wconf 87' lang='lat' dir='ltr'><strong>commoliri</strong></span> <span class='ocrx_word' id='word_1_215' title='bbox 923 2869 1091 2944; x_wconf 89' lang='lat' dir='ltr'><strong>tempestas</strong></span> <span class='ocrx_word' id='word_1_216' title='bbox 1112 2861 1240 2929; x_wconf 84' lang='lat' dir='ltr'><strong>fulmina</strong></span> <span class='ocrx_word' id='word_1_217' title='bbox 1262 2873 1399 2948; x_wconf 85' lang='lat' dir='ltr'><strong>coeptat.</strong></span> 
     </span>
     <span class='ocr_line' id='line_1_24' title="bbox 225 2971 1399 3059; baseline 0.001 -20"><span class='ocrx_word' id='word_1_218' title='bbox 225 2974 264 3039; x_wconf 88' lang='lat'><strong>11.</strong></span> <span class='ocrx_word' id='word_1_219' title='bbox 289 2977 326 3036; x_wconf 84' lang='lat'><strong>32</strong></span> <span class='ocrx_word' id='word_1_220' title='bbox 349 2990 408 3054; x_wconf 77' lang='lat' dir='ltr'><strong>su:</strong></span> <span class='ocrx_word' id='word_1_221' title='bbox 436 2971 621 3054; x_wconf 87' lang='lat' dir='ltr'><strong>praesertim</strong></span> <span class='ocrx_word' id='word_1_222' title='bbox 650 2990 719 3036; x_wconf 92' lang='lat' dir='ltr'><strong>cum</strong></span> <span class='ocrx_word' id='word_1_223' title='bbox 750 2977 919 3054; x_wconf 90' lang='lat' dir='ltr'><strong>tempestas</strong></span> <span class='ocrx_word' id='word_1_224' title='bbox 947 2971 1069 3038; x_wconf 88' lang='lat' dir='ltr'><strong>adridet</strong></span> <span class='ocrx_word' id='word_1_225' title='bbox 1098 2979 1130 3038; x_wconf 88' lang='lat' dir='ltr'><strong>ct</strong></span> <span class='ocrx_word' id='word_1_226' title='bbox 1158 2975 1231 3038; x_wconf 91' lang='lat' dir='ltr'><strong>anni</strong></span> <span class='ocrx_word' id='word_1_227' title='bbox 1255 2981 1399 3059; x_wconf 87' lang='lat' dir='ltr'><strong>tempora</strong></span> 
     </span>
     <span class='ocr_line' id='line_1_25' title="bbox 185 3079 1400 3167; baseline -0.001 -16"><span class='ocrx_word' id='word_1_228' title='bbox 185 3159 187 3164; x_wconf 54' lang='grc'>,</span> <span class='ocrx_word' id='word_1_229' title='bbox 226 3088 432 3166; x_wconf 88' lang='lat' dir='ltr'><strong>conspergunt</strong></span> <span class='ocrx_word' id='word_1_230' title='bbox 452 3080 614 3147; x_wconf 88' lang='lat' dir='ltr'><strong>viridantis</strong></span> <span class='ocrx_word' id='word_1_231' title='bbox 635 3079 764 3146; x_wconf 90' lang='lat' dir='ltr'><strong>floribus</strong></span> <span class='ocrx_word' id='word_1_232' title='bbox 787 3081 905 3146; x_wconf 88' lang='lat' dir='ltr'><strong>herbas.</strong></span> <span class='ocrx_word' id='word_1_233' title='bbox 941 3081 990 3146; x_wconf 89' lang='lat' dir='ltr'><strong>VI.</strong></span> <span class='ocrx_word' id='word_1_234' title='bbox 1013 3087 1089 3147; x_wconf 80' lang='lat'>458:</span> <span class='ocrx_word' id='word_1_235' title='bbox 1109 3084 1206 3150; x_wconf 93' lang='lat' dir='ltr'><strong>donec</strong></span> <span class='ocrx_word' id='word_1_236' title='bbox 1228 3090 1400 3167; x_wconf 87' lang='lat' dir='ltr'><strong>tempestas</strong></span> 
     </span>
     <span class='ocr_line' id='line_1_26' title="bbox 226 3190 1399 3278; baseline 0.001 -17"><span class='ocrx_word' id='word_1_237' title='bbox 226 3211 320 3261; x_wconf 87' lang='lat' dir='ltr'><strong>saeva</strong></span> <span class='ocrx_word' id='word_1_238' title='bbox 350 3197 495 3256; x_wconf 89' lang='lat' dir='ltr'><strong>coortast.</strong></span> <span class='ocrx_word' id='word_1_239' title='bbox 549 3190 791 3256; x_wconf 87' lang='lat' dir='ltr'><strong>Pulcherrimum</strong></span> <span class='ocrx_word' id='word_1_240' title='bbox 824 3191 997 3273; x_wconf 83' lang='lat' dir='ltr'><strong>exemploru</strong></span> <span class='ocrx_word' id='word_1_241' title='bbox 1029 3198 1133 3257; x_wconf 86' lang='lat' dir='ltr'><strong>exstat</strong></span> <span class='ocrx_word' id='word_1_242' title='bbox 1165 3191 1201 3258; x_wconf 90' lang='lat' dir='ltr'><strong>V.</strong></span> <span class='ocrx_word' id='word_1_243' title='bbox 1231 3199 1308 3259; x_wconf 83' lang='grc'>1395</span> <span class='ocrx_word' id='word_1_244' title='bbox 1334 3214 1399 3278; x_wconf 89' lang='lat' dir='ltr'><strong>sq.:</strong></span> 
     </span>
     <span class='ocr_line' id='line_1_27' title="bbox 226 3301 1401 3388; baseline -0.002 -18"><span class='ocrx_word' id='word_1_245' title='bbox 226 3303 408 3388; x_wconf 86' lang='lat' dir='ltr'><strong>praesertim</strong></span> <span class='ocrx_word' id='word_1_246' title='bbox 440 3320 509 3367; x_wconf 92' lang='lat' dir='ltr'><strong>cum</strong></span> <span class='ocrx_word' id='word_1_247' title='bbox 541 3305 710 3382; x_wconf 88' lang='lat' dir='ltr'><strong>tempestas</strong></span> <span class='ocrx_word' id='word_1_248' title='bbox 739 3301 861 3367; x_wconf 88' lang='lat' dir='ltr'><strong>ridebat</strong></span> <span class='ocrx_word' id='word_1_249' title='bbox 892 3309 924 3366; x_wconf 91' lang='lat' dir='ltr'><strong>et</strong></span> <span class='ocrx_word' id='word_1_250' title='bbox 954 3302 1026 3366; x_wconf 88' lang='lat' dir='ltr'><strong>anni</strong></span> <span class='ocrx_word' id='word_1_251' title='bbox 1060 3307 1198 3384; x_wconf 91' lang='lat' dir='ltr'><strong>tempora</strong></span> <span class='ocrx_word' id='word_1_252' title='bbox 1228 3303 1401 3387; x_wconf 82' lang='lat' dir='ltr'><strong>pingebant</strong></span> 
     </span>
     <span class='ocr_line' id='line_1_28' title="bbox 227 3408 1400 3495; baseline -0.003 -14"><span class='ocrx_word' id='word_1_253' title='bbox 227 3413 387 3481; x_wconf 86' lang='lat' dir='ltr'><strong>viridantis</strong></span> <span class='ocrx_word' id='word_1_254' title='bbox 399 3411 529 3477; x_wconf 89' lang='lat' dir='ltr'><strong>floribus</strong></span> <span class='ocrx_word' id='word_1_255' title='bbox 540 3408 659 3475; x_wconf 87' lang='lat' dir='ltr'><strong>herbas.</strong></span> <span class='ocrx_word' id='word_1_256' title='bbox 674 3445 713 3458; x_wconf 91' lang='lat'><em>-</em></span> <span class='ocrx_word' id='word_1_257' title='bbox 725 3410 909 3493; x_wconf 86' lang='lat' dir='ltr'><strong>Saepissime</strong></span> <span class='ocrx_word' id='word_1_258' title='bbox 927 3412 1007 3492; x_wconf 91' lang='lat' dir='ltr'><strong>ignis</strong></span> <span class='ocrx_word' id='word_1_259' title='bbox 1028 3411 1195 3478; x_wconf 88' lang='lat' dir='ltr'><strong>animatur:</strong></span> <span class='ocrx_word' id='word_1_260' title='bbox 1217 3413 1321 3479; x_wconf 81' lang='grc'>11191</span> <span class='ocrx_word' id='word_1_261' title='bbox 1336 3431 1400 3495; x_wconf 74' lang='lat' dir='ltr'><strong>sp:</strong></span> 
     </span>
     <span class='ocr_line' id='line_1_29' title="bbox 227 3520 1400 3600; baseline -0.004 -9"><span class='ocrx_word' id='word_1_262' title='bbox 227 3545 284 3591; x_wconf 88' lang='lat' dir='ltr'><strong>uec</strong></span> <span class='ocrx_word' id='word_1_263' title='bbox 312 3543 379 3589; x_wconf 91' lang='lat' dir='ltr'><strong>cum</strong></span> <span class='ocrx_word' id='word_1_264' title='bbox 407 3520 573 3587; x_wconf 91' lang='lat' dir='ltr'><strong>subsiliunt</strong></span> <span class='ocrx_word' id='word_1_265' title='bbox 602 3521 688 3600; x_wconf 87' lang='lat' dir='ltr'><strong>ignes</strong></span> <span class='ocrx_word' id='word_1_266' title='bbox 718 3520 758 3585; x_wconf 91' lang='lat' dir='ltr'><strong>ad</strong></span> <span class='ocrx_word' id='word_1_267' title='bbox 790 3525 874 3587; x_wconf 88' lang='lat' dir='ltr'><strong>tecta</strong></span> <span class='ocrx_word' id='word_1_268' title='bbox 905 3521 1063 3587; x_wconf 90' lang='lat' dir='ltr'><strong>domorum</strong></span> <span class='ocrx_word' id='word_1_269' title='bbox 1093 3529 1126 3586; x_wconf 88' lang='lat' dir='ltr'><strong>ct</strong></span> <span class='ocrx_word' id='word_1_270' title='bbox 1152 3523 1243 3588; x_wconf 88' lang='lat' dir='ltr'><strong>celeri</strong></span> <span class='ocrx_word' id='word_1_271' title='bbox 1271 3522 1400 3588; x_wconf 86' lang='lat' dir='ltr'><strong>flamma</strong></span> 
     </span>
     <span class='ocr_line' id='line_1_30' title="bbox 228 3624 1398 3716; baseline -0.004 -15"><span class='ocrx_word' id='word_1_272' title='bbox 228 3637 398 3716; x_wconf 85' lang='lat' dir='ltr'><strong>degustant</strong></span> <span class='ocrx_word' id='word_1_273' title='bbox 418 3631 505 3712; x_wconf 88' lang='lat' dir='ltr'><strong>tigna</strong></span> <span class='ocrx_word' id='word_1_274' title='bbox 526 3624 702 3712; x_wconf 88' lang='lat' dir='ltr'><strong>trabesque.</strong></span> <span class='ocrx_word' id='word_1_275' title='bbox 728 3631 764 3696; x_wconf 89' lang='lat' dir='ltr'><strong>V.</strong></span> <span class='ocrx_word' id='word_1_276' title='bbox 781 3631 874 3710; x_wconf 66' lang='lat' dir='ltr'><strong>ow)</strong></span> <span class='ocrx_word' id='word_1_277' title='bbox 890 3649 949 3712; x_wconf 89' lang='lat' dir='ltr'><strong>sq.:</strong></span> <span class='ocrx_word' id='word_1_278' title='bbox 972 3631 1086 3712; x_wconf 89' lang='lat' dir='ltr'><strong>(ignes)</strong></span> <span class='ocrx_word' id='word_1_279' title='bbox 1108 3632 1171 3696; x_wconf 91' lang='lat' dir='ltr'><strong>sive</strong></span> <span class='ocrx_word' id='word_1_280' title='bbox 1192 3633 1249 3714; x_wconf 89' lang='lat' dir='ltr'><strong>ipsi</strong></span> <span class='ocrx_word' id='word_1_281' title='bbox 1271 3651 1398 3714; x_wconf 86' lang='lat' dir='ltr'><strong>serpere</strong></span> 
     </span>
     <span class='ocr_line' id='line_1_31' title="bbox 201 3740 1398 3828; baseline -0.003 -17"><span class='ocrx_word' id='word_1_282' title='bbox 201 3749 204 3757; x_wconf 91' lang='lat'>&#39;</span> <span class='ocrx_word' id='word_1_283' title='bbox 226 3749 365 3828; x_wconf 89' lang='lat' dir='ltr'><strong>possunt,</strong></span> <span class='ocrx_word' id='word_1_284' title='bbox 386 3761 446 3824; x_wconf 91' lang='lat' dir='ltr'><strong>quo</strong></span> <span class='ocrx_word' id='word_1_285' title='bbox 467 3741 615 3824; x_wconf 87' lang='lat' dir='ltr'><strong>cuiusque</strong></span> <span class='ocrx_word' id='word_1_286' title='bbox 637 3740 724 3806; x_wconf 90' lang='lat' dir='ltr'><strong>cibus</strong></span> <span class='ocrx_word' id='word_1_287' title='bbox 746 3746 835 3805; x_wconf 87' lang='lat' dir='ltr'><strong>vocat</strong></span> <span class='ocrx_word' id='word_1_288' title='bbox 857 3747 952 3822; x_wconf 87' lang='lat' dir='ltr'><strong>atque</strong></span> <span class='ocrx_word' id='word_1_289' title='bbox 974 3741 1087 3805; x_wconf 88' lang='lat' dir='ltr'><strong>invitat</strong></span> <span class='ocrx_word' id='word_1_290' title='bbox 1103 3743 1235 3823; x_wconf 87' lang='lat' dir='ltr'><strong>aventis,</strong></span> <span class='ocrx_word' id='word_1_291' title='bbox 1255 3741 1398 3809; x_wconf 83' lang='lat' dir='ltr'><strong>flammea</strong></span> 
     </span>
     <span class='ocr_line' id='line_1_32' title="bbox 226 3849 1397 3938; baseline -0.004 -18"><span class='ocrx_word' id='word_1_292' title='bbox 226 3874 282 3938; x_wconf 89' lang='lat' dir='ltr'><strong>per</strong></span> <span class='ocrx_word' id='word_1_293' title='bbox 300 3852 418 3920; x_wconf 91' lang='lat' dir='ltr'><strong>caelum</strong></span> <span class='ocrx_word' id='word_1_294' title='bbox 439 3851 595 3934; x_wconf 87' lang='lat' dir='ltr'><strong>pascentis</strong></span> <span class='ocrx_word' id='word_1_295' title='bbox 616 3867 746 3932; x_wconf 91' lang='lat' dir='ltr'><strong>corpora</strong></span> <span class='ocrx_word' id='word_1_296' title='bbox 767 3849 892 3931; x_wconf 89' lang='lat' dir='ltr'><strong>passim.</strong></span> <span class='ocrx_word' id='word_1_297' title='bbox 936 3850 987 3915; x_wconf 91' lang='lat' dir='ltr'><strong>VI.</strong></span> <span class='ocrx_word' id='word_1_298' title='bbox 1013 3855 1084 3917; x_wconf 84' lang='lat'>152:</span> <span class='ocrx_word' id='word_1_299' title='bbox 1105 3851 1231 3917; x_wconf 87' lang='lat' dir='ltr'><strong>damma</strong></span> <span class='ocrx_word' id='word_1_300' title='bbox 1253 3860 1397 3932; x_wconf 84' lang='lat' dir='ltr'><strong>vagetur.</strong></span> 
     </span>
     <span class='ocr_line' id='line_1_33' title="bbox 228 3958 1397 4044; baseline -0.003 -12"><span class='ocrx_word' id='word_1_301' title='bbox 228 3970 303 4032; x_wconf 79' lang='lat' dir='ltr'><strong>Aen.</strong></span> <span class='ocrx_word' id='word_1_302' title='bbox 326 3963 362 4029; x_wconf 84' lang='lat' dir='ltr'><strong>V.</strong></span> <span class='ocrx_word' id='word_1_303' title='bbox 384 3967 444 4028; x_wconf 87' lang='grc'><strong>680</strong></span> <span class='ocrx_word' id='word_1_304' title='bbox 466 3981 525 4044; x_wconf 78' lang='lat' dir='ltr'><strong>sp:</strong></span> <span class='ocrx_word' id='word_1_305' title='bbox 555 3960 610 4027; x_wconf 91' lang='lat' dir='ltr'><strong>sed</strong></span> <span class='ocrx_word' id='word_1_306' title='bbox 637 3977 699 4025; x_wconf 90' lang='lat' dir='ltr'><strong>non</strong></span> <span class='ocrx_word' id='word_1_307' title='bbox 728 3959 840 4026; x_wconf 89' lang='lat' dir='ltr'><strong>idcirco</strong></span> <span class='ocrx_word' id='word_1_308' title='bbox 866 3958 988 4025; x_wconf 85' lang='lat' dir='ltr'><strong>tiammo</strong></span> <span class='ocrx_word' id='word_1_309' title='bbox 1020 3967 1113 4043; x_wconf 78' lang='lat' dir='ltr'><strong>atoue</strong></span> <span class='ocrx_word' id='word_1_310' title='bbox 1143 3961 1285 4028; x_wconf 81' lang='lat' dir='ltr'><strong>incendio</strong></span> <span class='ocrx_word' id='word_1_311' title='bbox 1315 3963 1397 4028; x_wconf 87' lang='lat' dir='ltr'><strong>vires</strong></span> 
     </span>
     <span class='ocr_line' id='line_1_34' title="bbox 230 4071 1397 4155; baseline -0.005 -13"><span class='ocrx_word' id='word_1_312' title='bbox 230 4075 395 4142; x_wconf 84' lang='lat' dir='ltr'><strong>indomitas</strong></span> <span class='ocrx_word' id='word_1_313' title='bbox 425 4090 573 4155; x_wconf 86' lang='lat' dir='ltr'><strong>posucre;</strong></span> <span class='ocrx_word' id='word_1_314' title='bbox 605 4071 657 4136; x_wconf 86' lang='lat' dir='ltr'><strong>XI.</strong></span> <span class='ocrx_word' id='word_1_315' title='bbox 687 4074 761 4134; x_wconf 81' lang='lat'>189:</span> <span class='ocrx_word' id='word_1_316' title='bbox 793 4075 943 4136; x_wconf 90' lang='lat' dir='ltr'><strong>maestum</strong></span> <span class='ocrx_word' id='word_1_317' title='bbox 975 4072 1085 4152; x_wconf 89' lang='lat' dir='ltr'><strong>iguem.</strong></span> <span class='ocrx_word' id='word_1_318' title='bbox 1139 4072 1206 4137; x_wconf 84' lang='lat' dir='ltr'><strong>Vol.</strong></span> <span class='ocrx_word' id='word_1_319' title='bbox 1231 4071 1297 4138; x_wconf 90' lang='lat' dir='ltr'><strong>Vll.</strong></span> <span class='ocrx_word' id='word_1_320' title='bbox 1321 4077 1397 4137; x_wconf 70' lang='lat'><strong>586:</strong></span> 
     </span>
     <span class='ocr_line' id='line_1_35' title="bbox 232 4180 1398 4266; baseline -0.006 -16"><span class='ocrx_word' id='word_1_321' title='bbox 232 4187 297 4252; x_wconf 85' lang='lat' dir='ltr'><strong>riso</strong></span> <span class='ocrx_word' id='word_1_322' title='bbox 325 4183 466 4266; x_wconf 86' lang='lat' dir='ltr'><strong>pallescit</strong></span> <span class='ocrx_word' id='word_1_323' title='bbox 493 4180 616 4248; x_wconf 83' lang='grc'>11601116</span> <span class='ocrx_word' id='word_1_324' title='bbox 646 4198 773 4246; x_wconf 84' lang='lat' dir='ltr'><strong>ueneno.</strong></span> <span class='ocrx_word' id='word_1_325' title='bbox 801 4217 839 4230; x_wconf 91' lang='lat'><strong>-·</strong></span> <span class='ocrx_word' id='word_1_326' title='bbox 870 4181 892 4246; x_wconf 93' lang='grc' dir='ltr'><strong>Ι.</strong></span> <span class='ocrx_word' id='word_1_327' title='bbox 918 4186 1011 4247; x_wconf 86' lang='grc'>1091;</span> <span class='ocrx_word' id='word_1_328' title='bbox 1039 4182 1123 4263; x_wconf 88' lang='lat' dir='ltr'><strong>quod</strong></span> <span class='ocrx_word' id='word_1_329' title='bbox 1153 4183 1234 4248; x_wconf 84' lang='lat' dir='ltr'><strong>calor</strong></span> <span class='ocrx_word' id='word_1_330' title='bbox 1256 4198 1276 4245; x_wconf 92' lang='lat' dir='ltr'><strong>a</strong></span> <span class='ocrx_word' id='word_1_331' title='bbox 1298 4181 1398 4250; x_wconf 84' lang='lat' dir='ltr'><strong>medio</strong></span> 
     </span>
    </p>
   </div>
   <div class='ocr_carea' id='block_1_4' title="bbox 0 0 1496 4928">
    <p class='ocr_par' dir='ltr' id='par_1_4' title="bbox 0 0 1496 4928">
     <span class='ocr_line' id='line_1_36' title="bbox 0 0 1496 4928; baseline 0 0"><span class='ocrx_word' id='word_1_332' title='bbox 0 0 1496 4928; x_wconf 95' lang='lat' dir='ltr'><strong> </strong></span> 
     </span>
    </p>
   </div>
  </div>
 </body>
</html>
