2966 4928
654 446 691 508 51

3 713 4 716 Ἴ
83 644 143 708 que
164 626 278 691 coortis
312 625 479 690 disiectare
510 624 589 689 solet
620 641 767 705 magnum
804 643 890 689 mare
925 628 1080 706 transtra,
1114 625 1263 708 guberna,

3 759 4 762 ¹
82 755 218 819 proram,
242 735 341 801 malos
362 741 428 816 etc,
445 734 497 800 ubi
513 753 673 816 »proram«
689 752 746 815 pro
763 753 912 816 »proras«
930 742 1042 802 exstat.
1064 737 1113 801 ΠΙ.
1126 742 1186 801 750
1198 755 1258 819 sq.:

85 835 235 929 eflugeret
265 847 349 913 canis
379 847 526 929 Hyrcano
557 845 595 910 de
627 847 743 912 semine
782 865 876 930 saepe
916 847 1068 928 cornigeri
1108 848 1265 912 incursum

2 974 5 1054 ᾗ
84 959 183 1037 cervi,
217 963 425 1040 tremeretque
458 975 514 1039 por
546 974 640 1022 auras
674 957 756 1023 aeris
788 958 935 1039 accipiter
968 957 1089 1039 fugiens
1121 958 1265 1022 veniente

3 1083 5 1112 ³
84 1067 243 1148 columba,
272 1068 450 1150 desiperent
480 1068 620 1134 homines
649 1075 725 1149 etc.;
757 1079 998 1136 consentaneum
1031 1076 1080 1134 est
1109 1069 1168 1135 hoc
1198 1070 1264 1136 loco

84 1195 247 1242 numerum
277 1177 467 1258 singularem
501 1183 602 1244 toturn
634 1198 730 1260 genus
752 1180 925 1261 siguificare
947 1179 1054 1261 itaque
1072 1198 1128 1262 pro
1149 1179 1264 1260 plurali

83 1287 220 1369 positum
233 1306 311 1354 esse.
334 1281 612 1370 Saepins'miseus«
627 1308 684 1373 pro
697 1291 853 1356 »viscera«
864 1295 983 1356 exstat:
995 1291 1042 1356 ΙΙΙ.
1055 1295 1123 1371 719,
1132 1291 1179 1356 lll.
1191 1293 1265 1354 266:

85 1397 170 1481 quod
191 1417 290 1480 genus
311 1400 343 1465 in
365 1399 475 1482 quouis
497 1401 690 1468 animantum
712 1402 831 1468 viscere
853 1410 914 1468 etc.
929 1439 961 1448 —
976 1405 1027 1469 Vl.
1052 1409 1110 1469 786
1133 1421 1195 1483 sq.:
1217 1407 1271 1490 est

86 1510 182 1575 etiarn
213 1509 334 1590 magnis
368 1509 523 1576 Heliconis
557 1513 712 1578 montibus
744 1513 836 1579 arbos
870 1513 955 1580 floris
988 1515 1082 1580 odore
1113 1514 1266 1579 hominem

88 1627 194 1686 taetro
225 1627 374 1687 consueta
407 1627 534 1705 necare3
568 1629 616 1689 ter
647 1625 704 1689 hoc
733 1625 799 1690 loco
830 1626 997 1707 singularis
1030 1644 1176 1691 numerus
1208 1643 1266 1705 pro

87 1729 202 1811 plurali
225 1737 337 1798 exstat.
369 1733 403 1796 V.
419 1737 479 1797 822
494 1751 555 1814 sq.:
579 1733 724 1815 quoniam
748 1753 847 1815 genus
869 1735 937 1816 ipsa
959 1735 1077 1800 creavit
1097 1735 1267 1799 humanum

86 1848 184 1921 atque
198 1842 314 1908 animal
333 1860 430 1924 prope
451 1850 536 1908 certo
550 1848 689 1924 tempore
707 1843 797 1912 ludit.
827 1844 861 1910 V.
881 1850 973 1910 lll3:
996 1863 1045 1908 res
1060 1846 1265 1908 inventast:

6 2006 10 2025 ,
88 1968 139 2014 res
162 1951 307 2016 inventae
330 1958 414 2016 sunt.
442 1987 475 1996 -

6 2126 11 2254 ὲ
86 2173 115 2218 c.
157 2148 332 2215 Materia
353 2167 424 2231 pro
455 2167 511 2230 rc,
542 2167 640 2232 qnae
672 2151 765 2216 inde
799 2151 950 2218 effecta
980 2159 1059 2236 est,
1089 2155 1267 2236 ponitur.

7 2255 10 2268 ’
42 2307 46 2318 ·
172 2275 208 2340 V.
233 2280 326 2340 1289:
357 2294 429 2340 aere
461 2276 561 2342 solum
593 2283 698 2340 terrae
722 2276 902 2342 tractabant
926 2285 1036 2343 etc=
1051 2281 1267 2346 instrumentis

6 2383 7 2387 ’
86 2407 127 2452 ex
142 2406 216 2452 aere
230 2387 330 2453 factis.
362 2388 402 2452 ll.
416 2391 474 2451 325
487 2405 548 2469 sq.:
572 2393 700 2468 totaque
717 2388 830 2454 circum
846 2407 919 2452 aere
936 2388 1101 2454 renidescit
1123 2390 1214 2456 tellus
1225 2376 1265 2443 ὲ

86 2498 192 2562 annis.
243 2498 282 2563 Il.
305 2503 364 2562 637
373 2521 379 2562 :
415 2497 447 2564 in
470 2516 631 2563 numerum
655 2497 817 2580 pulsarent
839 2499 964 2563 aeribus
997 2517 1076 2562 aera.
1132 2498 1168 2562 V.
1191 2501 1267 2563 934:

86 2626 145 2673 nec
180 2607 281 2673 scibat
312 2607 392 2673 terro
425 2607 562 2672 molirier
595 2626 679 2672 arva.
717 2646 753 2654 -
794 2608 956 2674 »Pannae«
994 2628 1087 2689 saepe
1120 2627 1176 2689 pro
1209 2608 1267 2673 alis

86 2725 207 2784 exstat:
244 2721 295 2786 Vl.
317 2726 395 2788 821:
429 2740 489 2803 quo
522 2723 612 2786 simul
643 2740 680 2787 ae
707 2723 841 2803 primurn
863 2723 973 2804 pennis
997 2722 1101 2788 delata
1123 2723 1164 2787 sit
1188 2721 1269 2800 ales;

87 2834 141 2900 vl.
164 2838 238 2899 834:
261 2833 416 2898 claudicat
437 2832 591 2915 extemplo
618 2835 785 2915 pinnarum
807 2833 893 2898 nisus
915 2834 1026 2898 inanis.
1063 2833 1100 2897 V.
1117 2837 1194 2896 1039
1208 2849 1267 2910 sq.:

87 2944 222 3010 alituum
257 2963 352 3026 porro
389 2962 488 3025 genus
522 2944 579 3008 alis
616 2961 706 3008 omne
743 2944 883 3032 videmus
916 2943 1012 3026 fidere
1043 2950 1075 3007 et
1108 2962 1126 3006 a
1158 2941 1267 3023 pennis

88 3053 254 3119 tremulum
275 3060 382 3136 petere
404 3054 596 3122 auxiliatum.

514 3280 541 3346 I.
590 3280 638 3346 no
664 3277 840 3360 allegoria.

172 3404 277 3483 Quint.
302 3407 384 3471 VIIl.
407 3410 441 3486 6,
464 3413 504 3470 44
526 3423 591 3487 sq.:
613 3404 808 3488 Ἀλληγορία,
830 3422 921 3484 quam
945 3403 1149 3467 inversionem
1173 3401 1268 3465 inter·

6 3508 7 3534 l
88 3519 265 3595 pretantur,
287 3515 373 3580 alind
397 3514 511 3594 verbis,
533 3514 618 3580 aliud
640 3532 733 3578 seusu
755 3511 911 3592 ostendit,
933 3513 1027 3596 etiarn
1050 3511 1172 3576 interim
1196 3529 1267 3576 con-

88 3625 221 3692 trarium
233 3623 359 3690 ...Tale
377 3625 533 3692 Lucretii:
553 3624 632 3689 Avia
646 3623 802 3688 Pieridum
816 3640 949 3706 peragro
966 3602 1044 3686 locass
1056 3657 1095 3666 -
1106 3621 1269 3690 Lucretius

89 3737 157 3816 ipse
186 3734 225 3800 de
254 3733 402 3815 allegoria
428 3735 504 3801 dicit
534 3735 558 3800 I.
590 3739 646 3800 641
677 3752 741 3816 sq.:
778 3733 881 3799 omnia
915 3733 996 3798 enirn
1028 3733 1136 3798 stolidi
1169 3736 1268 3816 magis

89 3845 286 3911 admirantur
307 3853 488 3930 amantque,
511 3847 641 3912 inversis
663 3863 746 3928 quac
765 3846 821 3911 sub
841 3844 945 3911 verbis
955 3844 1115 3910 latitantia
1126 3851 1268 3928 cernunt,

89 3972 226 4037 veraque
253 3955 449 4021 constituunt
477 3975 555 4039 quae
583 3956 662 4021 belle
690 3963 820 4038 tangere
850 3960 986 4038 possunt
1006 3955 1093 4020 auris
1113 3962 1145 4021 et
1166 3955 1267 4038 lepido

90 4083 170 4145 quae
206 4071 279 4130 sunt
310 4063 416 4130 fucata
447 4083 567 4132 sonore.
622 4065 757 4132 Exstant
786 4070 891 4130 autem
924 4064 1092 4146 allegoriae
1125 4067 1267 4148 exempla

90 4178 171 4258 apud
195 4178 375 4244 Lucretium
399 4177 487 4243 haec:
508 4181 530 4244 l.
546 4185 656 4262 ‘loson
680 4181 789 4245 inritat
810 4177 903 4243 animi
923 4161 1083 4257 uirtutem,
1104 4177 1268 4261 effringere

91 4293 127 4354 ut
159 4294 230 4354 arta
259 4296 394 4354 naturae
424 4288 542 4371 primus
563 4296 724 4372 portarum
747 4289 885 4356 claustra
906 4289 1035 4384 cupiret.
1077 4289 1098 4353 Ι.
1125 4294 1184 4354 117
1205 4309 1269 4373 sq.:
