2966 4928
631 355 673 422 23

319 553 344 602 c
387 535 683 602 (translationes
703 535 991 603 adiectivorum.

145 673 180 740 ll.
202 677 282 740 stt:
312 673 476 758 (corpora)
506 676 613 740 sonitu
642 675 752 740 sterila
781 679 814 739 et
844 691 919 739 suco
955 673 1059 738 ieiuna
1092 672 1244 739 feruntur.

69 783 129 849 Cic.
150 790 229 850 orat.
255 789 328 850 106:
349 783 469 850 ieiunas
491 785 587 866 igitur
606 784 701 850 huius
723 834 802 851 ....
824 784 975 849 orationis
995 801 1088 850 aures
1109 784 1245 849 civitatis

68 893 250 977 accepimus.
278 931 319 942 -
346 897 382 962 ll.
404 901 483 962 838:
511 895 592 961 scire
620 895 695 961 licet
721 893 873 978 quaedam
905 899 969 958 tam
998 899 1146 958 constare
1169 893 1245 959 orba

69 1003 178 1071 colore.
201 1041 233 1052 -
258 1007 358 1071 laetus
380 1006 561 1088 saepissime
581 1005 752 1088 apponitur
762 1003 804 1069 ad
825 1002 950 1086 pabula,
971 1000 1114 1082 arbusta,
1134 1003 1244 1069 unbem

70 1121 126 1180 etc.
149 1151 188 1162 -
208 1113 259 1181 Vl.
281 1120 342 1180 258
364 1133 417 1198 sq:
447 1117 492 1182 sic
514 1113 599 1182 cadit
631 1113 759 1181 effertus
789 1111 924 1179 tenebris
951 1112 1059 1194 procul
1088 1119 1120 1178 et
1148 1113 1246 1180 trahit

69 1229 169 1290 atram
182 1223 361 1292 fulminibus
372 1226 534 1308 gravidam
547 1229 765 1309 tempestatem
779 1232 874 1306 alque
885 1221 1039 1305 procellis.
1067 1223 1115 1289 Vl.
1130 1229 1185 1290 281
1199 1244 1244 1308 sq.

69 1333 284 1401 Lachmanuus
305 1337 337 1401 in
359 1339 479 1402 textum
502 1336 636 1419 recepit:
666 1333 739 1400 inde
759 1333 811 1400 ubi
836 1333 987 1417 percaluit
1012 1335 1159 1418 gravina,
1187 1345 1246 1401 aut

69 1443 114 1510 vis
136 1446 218 1528 ignis
239 1451 270 1511 et
289 1464 361 1512 acer
387 1445 521 1529 impetus
550 1445 694 1526 incessit,
724 1451 883 1509 maturum
914 1449 980 1509 tum
1010 1444 1100 1525 quasi
1128 1445 1243 1511 fulmen

68 1553 236 1636 perscindit
259 1555 363 1621 subito
385 1554 496 1621 nubem
520 1560 581 1621 etc.
622 1554 736 1620 Munro
756 1554 857 1634 magis
878 1552 973 1618 libros
995 1570 1089 1618 manu
1112 1553 1245 1636 scriptos

69 1671 191 1730 secutus
220 1665 280 1747 legi
308 1665 395 1731 vult:
423 1664 497 1730 iude
526 1663 579 1731 ubi
605 1662 761 1746 percaluit
790 1663 873 1728 uenti
904 1663 951 1728 vis
971 1667 1003 1728 et
1025 1664 1131 1744 gravis
1152 1665 1244 1746 ignis.

69 1773 117 1839 VI.
140 1778 201 1840 295
224 1791 277 1857 sq:
297 1780 346 1841 est
366 1774 462 1839 etiam
484 1773 620 1839 cumnis
641 1773 835 1839 extrinsecus
856 1772 952 1837 inmta
974 1773 1061 1837 venti
1082 1773 1192 1840 incidit
1213 1776 1244 1839 in

17 1897 18 1900 ’
70 1883 230 1964 gravidam
260 1888 385 1950 maturo
413 1881 541 1948 fulmine
569 1882 699 1964 nubem3
729 1881 876 1948 inlibris
905 1899 1001 1947 manu
1030 1883 1156 1965 scriptis
1187 1903 1244 1966 pro

71 1993 233 2073 gravidam
256 1994 399 2059 »valida«
424 1997 540 2073 exstat
562 1989 678 2056 Munrc
703 1992 873 2057 »calidam«
896 1992 959 2074 legi
979 1993 1056 2058 vult.
1094 1993 1156 2059 Sed
1176 2012 1245 2060 mea

17 2173 18 2176 ,
69 2104 226 2169 sententia
245 2104 284 2169 ad
307 2110 450 2170 »maturo
469 2103 616 2169 fulmine«
639 2102 752 2168 melius
775 2102 973 2184 »gravidam«
997 2104 1174 2186 apponitur,
1198 2105 1243 2170 ita

69 2220 104 2278 ut
123 2214 240 2279 fulmen
264 2217 355 2297 quasi
375 2215 457 2281 fetus
478 2218 620 2279 maturus
641 2211 732 2278 nubis
752 2212 901 2294 grauidae
921 2213 972 2278 sit
1004 2213 1127 2280 Similes
1143 2221 1245 2280 trans-

17 2407 18 2422 *
69 2323 200 2390 lationes
222 2326 317 2392 etiam
339 2324 423 2407 apud
444 2323 523 2390 alios
544 2322 713 2406 scriptores
735 2323 949 2388 inveniuntur:
969 2323 1045 2389 Aen.
1055 2323 1106 2389 IV.
1117 2329 1246 2409 229sq.:

68 2435 121 2498 sed
137 2435 206 2500 fore
220 2435 272 2518 qui
285 2435 446 2518 gravidmn
463 2433 603 2516 imperiis
619 2432 761 2515 belloque
773 2431 956 2497 frementem
967 2433 1091 2500 Italiam
1108 2443 1244 2520 regeret;

69 2543 105 2607 ib.
121 2545 159 2608 X.
177 2547 229 2609 87:
250 2545 411 2627 masidam
434 2541 526 2612 bellis
547 2543 669 2610 urbem.
703 2541 771 2608 Val.
788 2542 823 2608 V.
840 2546 893 2608 22:
914 2543 1077 2626 praecipiti
1097 2547 1244 2626 grauicnm

17 2719 18 2724 ,
69 2653 127 2719 iam
149 2659 235 2721 sorte
254 2673 369 2737 pareus
390 2692 431 2703 —
451 2656 473 2721 Ι.
496 2659 573 2720 644;
594 2653 700 2719 fucata
719 2671 845 2734 scnore;
866 2671 923 2718 nos
942 2671 1066 2735 quoque
1083 2655 1122 2720 de
1142 2656 1244 2722 »Ton-

17 2759 18 2774 *
69 2764 172 2831 serbe«
195 2767 334 2834 dicimus.
355 2801 395 2814 —
415 2767 440 2832 I.
458 2771 517 2831 727
534 2785 597 2849 sq:
619 2765 765 2847 gentibus
785 2763 928 2830 humanis
948 2765 1033 2845 regio
1055 2765 1244 2849 visendaque

69 2873 177 2956 fertur,
197 2876 290 2943 rebus
301 2877 405 2959 opima
417 2877 517 2957 bonis,
533 2875 632 2942 multa
646 2873 768 2939 munita
781 2873 881 2938 virum
896 2875 937 2939 vi.
966 2873 1028 2940 (lic.
1038 2875 1067 2939 d.
1082 2875 1141 2942 cliv.
1154 2878 1175 2943 Ι.
1188 2882 1244 2944 22:

69 2985 221 3065 sapientia
256 2985 411 3053 munitum
446 2991 566 3070 pectus.
626 2983 776 3050 Similiter
810 2985 902 3050 Lucr.
932 2983 966 3049 ΙΙ
997 2989 1014 3048 'l
1044 3003 1090 3066 sq.
1123 2992 1244 3053 exstat:

69 3097 189 3160 munita
212 3101 319 3162 tenere
339 3097 424 3163 edita
444 3097 587 3164 domnina
606 3094 783 3176 sapientum
804 3095 922 3176 templa
942 3113 1061 3162 serena.
1095 3095 1244 3164 Similiter

69 3204 223 3271 muniendi
243 3207 373 3274 verbum
395 3207 587 3274 transfertur
611 3205 663 3270 IV.
687 3207 785 3269 1249:
814 3205 897 3271 natis
928 3207 1049 3271 munire
1078 3214 1242 3272 senectam.

17 3287 19 3332 ζ
69 3345 108 3358 -
139 3313 161 3378 1.
191 3319 288 3383 1102:
315 3335 355 3382 ne
381 3317 502 3385 volucri
528 3317 592 3384 ritu
621 3315 815 3381 flammarum
837 3320 896 3383 etc.
949 3316 998 3381 Vl.
1024 3323 1096 3382 173:
1126 3318 1244 3386 uolucri

69 3421 188 3490 lumine.
230 3425 267 3492 V.
291 3431 368 3493 738:
395 3427 548 3512 zephyrus
573 3432 741 3511 pennatus.
782 3425 820 3492 V.
843 3432 940 3493 1075:
966 3426 1120 3509 pinnigeri
1143 3429 1245 3494 saevit

70 3533 237 3602 calcaribus
258 3538 339 3603 ictus
360 3538 487 3604 amoris.
517 3573 558 3586 -
587 3539 623 3605 ll.
646 3543 725 3603 319:
756 3538 891 3603 invitant
912 3535 1030 3603 herbae
1050 3544 1242 3620 gemmantes

69 3659 138 3708 rore
160 3647 286 3713 recenti.
329 3646 424 3715 Gulex
446 3653 502 3714 69:
531 3648 718 3731 gemmantis
739 3666 797 3730 per
817 3646 941 3714 herbas.
964 3681 1004 3693 -
1025 3647 1074 3713 IV.
1097 3653 1158 3713 436
1177 3667 1244 3731 sq:

69 3755 102 3817 at
111 3753 205 3821 maris
216 3757 335 3838 ignaris
346 3758 379 3823 in
391 3761 487 3841 portu
501 3759 613 3824 clauda
627 3759 775 3824 videntur
788 3758 912 3840 navigia
921 3763 980 3824 etc.
1009 3760 1077 3826 Liv.
1088 3760 1241 3826 XXXVII.

70 3864 122 3928 24:
142 3863 271 3932 claudas
289 3866 513 3951 mutilatasque
533 3885 638 3934 naves.
654 3901 694 3914 -
708 3869 763 3935 IV.
787 3869 883 3936 1048:
906 3868 999 3951 idque
1020 3871 1101 3952 petit
1120 3889 1244 3956 eorpus,

71 3988 153 4038 mem
184 3974 267 4041 uncle
296 3980 347 4042 est
376 3977 483 4044 saucia
515 3995 629 4044 amore.
682 3979 785 4062 Supra
817 3977 910 4045 nobis
942 3979 1075 4047 »vulnus
1106 3982 1241 4048 amoris«

71 4084 212 4148 ucemrit.
232 4117 272 4131 -
292 4085 344 4153 IV.
368 4089 464 4153 1161:
490 4105 624 4154 neruosa
645 4106 682 4155 ac
703 4088 808 4170 lignea
827 4087 948 4155 dorcas.
989 4089 1060 4156 Cat.
1080 4094 1129 4172 23,
1150 4095 1189 4158 6:
1208 4097 1242 4158 et

71 4205 134 4257 mm
157 4194 290 4277 coniuge
310 4195 414 4279 lignea
431 4197 583 4280 parentis.
612 4233 653 4247 -
678 4197 727 4267 Vl
750 4202 807 4266 119
828 4216 893 4282 sq:
919 4199 1026 4267 andus
1055 4200 1138 4269 unde
1158 4202 1243 4271 anns
