2966 4928
784 310 944 418 aa¹

222 533 399 599 minutatim
419 531 569 612 processit
588 531 709 596 ferreus
731 533 823 596 ensis.
866 531 918 595 Vl.
940 537 999 596 429
1022 551 1086 616 sq.:
1108 539 1140 595 et
1161 553 1393 620 quaecumque

223 647 253 709 in
275 663 311 708 eo
336 648 401 707 tum
430 641 493 705 sint
522 641 673 723 deprensa
705 642 840 706 tumultu
868 643 996 724 navigia
1023 645 1053 706 in
1084 661 1236 708 summum
1264 645 1395 710 veniant

225 759 338 838 vexata
367 751 524 833 periclum.
576 749 627 814 IV.
649 755 727 815 436:
756 755 790 814 at
821 752 914 815 muris
945 752 1062 832 ignaris
1091 754 1121 817 in
1154 761 1248 835 portu
1283 755 1396 820 clauda

223 864 368 929 videntur
396 860 519 939 navigia
548 859 696 941 aplustris
726 859 833 925 fractis
863 861 996 927 obnitier
1026 863 1134 927 undae.
1183 865 1222 929 ΙΙ.
1247 869 1304 928 555
1328 883 1394 949 sq.:

225 972 380 1039 fluitantia
411 969 553 1051 aplustra
585 975 620 1034 ut
650 970 816 1034 videantur
845 974 878 1034 et
904 973 1049 1037 indicium
1079 973 1264 1038 mortalibus
1286 975 1397 1039 edant.

224 1084 260 1148 V.
292 1083 421 1161 1138*);
444 1084 476 1144 51
497 1081 607 1162 capitis
635 1081 746 1146 summi
776 1079 968 1161 praeclarum
998 1082 1119 1163 insigne
1148 1091 1307 1148 cruentum
1335 1085 1396 1148 sub

224 1193 353 1277 pedibus
374 1189 458 1270 vulgi
479 1205 625 1270 maguum
647 1189 774 1270 lugebat
796 1189 951 1286 honorem.
995 1191 1043 1255 Vl.
1071 1197 1148 1257 loll
1171 1213 1216 1277 sq.
1239 1201 1332 1275 poeta
1354 1195 1396 1258 de

226 1302 328 1370 anulis
356 1301 444 1366 dicit:
473 1300 615 1365 exultare
636 1299 730 1364 etiam
753 1299 969 1366 Samothracia
991 1299 1091 1365 ferrea
1114 1302 1176 1366 vidi
1200 1309 1398 1368 atramenta

224 1412 312 1478 simul
331 1411 405 1476 leni
423 1410 527 1476 furere
547 1409 632 1474 intus
654 1407 761 1486 ahenis
783 1411 814 1474 in
836 1408 978 1490 scaphiis
1000 1409 1078 1491 lapis
1101 1410 1150 1476 hic
1169 1413 1301 1494 Magnes
1324 1432 1396 1479 cum

225 1522 366 1589 subditus
387 1527 485 1587 esset:
514 1539 612 1603 usque
636 1520 715 1584 adeo
736 1519 845 1600 lugere
866 1519 906 1584 ab
923 1537 998 1584 saxo
1020 1522 1135 1601 gestire
1156 1522 1290 1587 videtur.
1313 1559 1352 1568 -

632 1815 672 1882 B.
712 1815 761 1883 Ile
782 1813 982 1900 periphrasi.

306 1957 410 2035 Quint.
434 1955 517 2020 VIlI.
541 1959 576 2036 6,
598 1959 653 2020 59:
685 1956 831 2021 Pluribus
854 1956 957 2022 verbis
980 1975 1047 2022 cum
1070 1957 1116 2038 id,
1148 1957 1230 2040 quod
1256 1975 1316 2021 uno
1337 1963 1400 2021 aut

224 2067 420 2152 paucioribus
454 2072 539 2134 certe
572 2067 631 2132 dici
665 2072 784 2148 potest,
816 2065 1005 2147 explicatur,
1042 2066 1237 2149 periphrasin
1272 2074 1399 2149 vocant,

226 2178 386 2245 circuitum
410 2176 563 2260 quendam
584 2177 757 2260 eloquendi.
803 2176 892 2240 Auct.
916 2176 956 2241 55
977 2176 1166 2240 Herennium
1188 2177 1239 2241 lV.
1264 2181 1317 2256 32,
1338 2183 1398 2243 43:

226 2287 371 2353 Circuitio
403 2291 453 2352 est
490 2287 590 2352 oratio
621 2303 684 2350 rem
728 2285 895 2367 simplicem
937 2286 1103 2368 adsumpta
1142 2285 1400 2353 circumscribens

222 2397 401 2464 elocutione.
452 2396 703 2478 Circumscriptio
725 2414 744 2459 5
767 2396 912 2460 Lucretio
936 2396 1115 2478 saepissime
1136 2394 1317 2475 adhibetur,
1347 2397 1397 2461 ita

222 2524 278 2588 pro
300 2505 429 2587 simplici
452 2507 576 2571 nomine
598 2525 694 2588 genus
716 2506 763 2570 vel
786 2505 889 2570 saecla
917 2504 966 2568 vel
994 2505 1077 2569 51155
1104 2505 1229 2569 verbum
1260 2507 1397 2571 nominis
1470 2507 1471 2522 ¹

222 2617 358 2697 genitivo
390 2616 512 2682 adiecto
549 2616 645 2696 ponit.
702 2616 736 2680 Π.
761 2620 837 2680 502:
875 2632 1027 2697 pavonum
1058 2613 1160 2678 saecla
1183 2633 1397 2697 :pavones

221 2726 270 2790 Vl.
293 2730 385 2792 1109:
413 2743 513 2808 usque
542 2725 581 2788 55
603 2725 694 2805 nigra
714 2727 814 2790 virum
836 2731 979 2808 percocto
1003 2724 1087 2788 suela
1109 2725 1229 2806 colore3
1256 2725 1296 2789 ib.
1322 2730 1395 2790 722.

222 2833 257 2896 V.
280 2837 356 2896 967:
385 2834 539 2898 silvestria
562 2835 664 2900 555515
685 2835 837 2916 ferarum3
860 2836 900 2900 ib.
922 2839 1016 2898 llll:
1040 2832 1181 2900 silvestre
1202 2853 1300 2916 genus
1321 2882 1329 2897 .
1352 2883 1359 2897 .
1388 2883 1395 2896 .

223 2945 458 3026 terrigenamm.
500 2944 533 3008 ll.
558 2949 633 3008 597:
655 2945 835 3025 montivago
857 2945 963 3026 generi
985 2945 1129 3009 ferarum.
1172 2945 1207 3007 V.
1231 2949 1309 3008 1081
1329 2963 1396 3028 sq.:

221 3055 373 3120 cornicum
508 3053 609 3118 saecla
645 3060 770 3118 vetusta
805 3073 1026 3137 corvorumque
1063 3072 1181 3134 greges.
1239 3053 1287 3117 Vl.
1317 3057 1395 3119 766:

221 3164 377 3245 serpentia
397 3164 500 3228 555515
520 3162 666 3228 ferarum.
709 3164 745 3227 V.
770 3164 843 3228 988:
866 3163 1010 3229 mortalia
1029 3162 1138 3227 saecla.
1183 3163 1396 3228 1111121551
1474 3192 1475 3218 1

218 3291 330 3355 pueros
352 3273 608 3338 commendarunt
628 3272 838 3356 muliebreque
861 3273 1006 3337 saeclum.
1057 3272 1107 3336 IV.
1128 3275 1205 3336 586:
1236 3276 1270 3336 et
1291 3290 1394 3351 genus
1468 3324 1472 3333 .

219 3382 396 3465 agricolum.
451 3383 487 3447 V.
519 3386 612 3446 1039:
646 3381 775 3447 alituum
811 3400 919 3462 genus.
977 3382 1011 3446 ll.
1042 3386 1097 3444 661
1132 3400 1197 3464 sq.:
1231 3381 1394 3462 lanigerae
1473 3411 1474 3422 2

219 3493 351 3577 pecudes
373 3499 406 3557 et
428 3511 575 3576 equomm
598 3491 728 3557 duellica
748 3493 850 3573 proles
871 3491 1072 3574 buceriaeque
1094 3509 1214 3570 greges.
1256 3491 1292 3553 V.
1313 3495 1392 3555 866:

221 3603 441 3686 lanigeraeque
461 3601 550 3667 simul
572 3602 703 3684 pecudes
725 3607 757 3667 et
780 3602 893 3666 bucera
923 3600 1032 3665 saecla.
1072 3602 1126 3665 Ov.
1150 3609 1221 3666 met.
1243 3601 1291 3665 Vl.
1312 3605 1390 3666 395:

219 3714 434 3796 lanigerosque
452 3730 563 3792 greges
585 3694 789 3796 armentaque
818 3693 942 3777 bucera.
976 3747 1000 3756 -
1041 3711 1088 3774 lV.
1112 3714 1187 3775 997:
1214 3713 1389 3776 catulorum

219 3822 493 3904 blandapropago.
527 3822 573 3886 Vl.
589 3825 683 3885 1092:
705 3821 861 3885 homiuum
883 3821 989 3900 generi
1010 3820 1222 3904 pecudumque
1243 3823 1388 3886 catervis.

218 3934 335 3998 111141
351 3951 414 4017 sq.:
437 3933 527 3996 triste
547 3930 665 3995 leonum
689 3930 858 3994 seminium.
894 3931 927 3995 ll.
944 3935 1002 3994 342
1019 3947 1070 4013 sq:
1092 3930 1272 4010 parturiunt
1286 3947 1388 4010 genus

217 4042 386 4107 humanum
408 4048 584 4126 mutaeque.
599 4047 744 4106 natantes
767 4039 997 4124 squamigemm
1020 4041 1162 4122 pecudes.
1213 4040 1262 4104 lV.
1290 4043 1386 4113 1232:

218 4154 283 4218 sive
303 4153 402 4218 virum
423 4152 547 4217 suboles
568 4152 632 4217 sive
651 4155 700 4216 est
718 4149 874 4215 muliebris
897 4151 995 4231 origo.
1023 4151 1221 4232 1111181555
1243 4149 1385 4216 invenies
