2966 4928
633 342 651 402 3

142 518 327 600 Priusquam
340 518 380 582 ad
393 517 530 582 Lucretii
544 523 650 598 tropus
661 517 864 598 exponendus
877 518 1071 600 secedamus,
1081 523 1221 584 vaurum

46 631 232 694 sementim
262 628 301 694 de
330 629 368 694 iis
397 628 568 693 audiamus.
618 625 826 705 Quintilianus
859 628 941 692 VIII.
973 633 1008 709 6,
1039 633 1053 692 l
1089 627 1135 692 itu
1168 645 1222 694 aas

62 739 187 804 definit:
217 738 342 820 Trepns'
373 744 422 802 est
450 737 536 802 verbi
557 737 607 801 vei
629 735 780 802 sermonis
802 755 822 802 a
844 737 973 828 propriu
993 736 1221 818 significatione

60 853 91 916 in
113 850 206 916 eliam
228 867 299 914 eum
327 850 440 914 virtute
470 847 611 912 mutatio.
658 847 749 928 Apud
772 846 971 928 Tryphonem
993 846 1110 930 (Waia.
1130 847 1220 914 Rhet.

60 962 116 1026 Gr.
140 959 304 1036 veisVIII.
335 978 364 1039 p.
392 963 467 1031 728)
497 958 543 1022 ita
571 957 718 1036 legimus:
757 955 880 1039 τρόπος
914 957 985 1022 ἐστὶ
1014 956 1106 1040 λόγος
1138 960 1223 1024 aava

58 1067 280 1154 παρατροπῆυ
293 1071 352 1132 τοῦ
362 1074 471 1150 κυρίου
482 1065 651 1149 λεγόμενος
662 1065 746 1130 κατά
759 1089 832 1130 τινα
845 1065 985 1152 δήλωσιν
994 1077 1224 1153 suppeteretur,

57 1179 188 1267 ἧττοντί
215 1180 253 1242 τό
282 1179 479 1260 ἀναγκαίους
505 1177 588 1260 apud
619 1175 715 1258 Greg.
737 1175 808 1242 Cer.
839 1178 894 1258 (ib.
921 1196 951 1258 p.
980 1177 1072 1261 763):
1101 1178 1224 1262 τρόπος

59 1293 131 1356 ἐστὶ
165 1291 279 1366 λέξεως
311 1288 431 1372 φράσις
468 1289 505 1352 ἐκ
533 1289 589 1372 τῆς
618 1292 697 1352 καθ’
729 1287 849 1371 ἑαυτήν
879 1288 1033 1354 ὁπωσοῦν
1064 1289 1224 1376 ἰδιότητος

60 1401 271 1483 peraequatur
291 1399 461 1482 εἰληφυῖα,
482 1397 533 1462 διὰ
556 1398 610 1460 καὶ
631 1396 752 1481 τρόπος
773 1399 920 1464 καλεῖται
941 1399 1162 1484 παρείληπται
1181 1403 1221 1466 tt

60 1508 132 1598 ἤτοι
155 1515 264 1592 χρείας
283 1511 377 1574 ἕνεκα
398 1506 420 1595 ἢ
440 1508 565 1590 κόσμου
586 1508 663 1592 περὶ
690 1509 751 1593 τήν
784 1508 924 1592 φράσους
959 1509 1043 1592 apud
1073 1509 1223 1593 Hermeg.

63 1623 155 1705 (περὶ
187 1620 360 1704 repausem,
394 1621 435 1684 ib.
466 1622 524 1686 vel.
548 1619 604 1685 111.
632 1635 662 1700 p.
692 1620 783 1700 175):
818 1617 926 1709 τροπή
952 1622 1022 1686 ἐστι
1048 1621 1086 1688 τὸ
1112 1622 1160 1707 μή
1188 1623 1225 1698 ἐξ

36 1771 38 1776 -
64 1711 276 1814 ὑποποιμίυου
297 1728 490 1814 πράγματος
509 1729 680 1813 ἀλλοτρίου
702 1731 740 1794 δὲ
762 1733 959 1816 σημαντικόν
978 1727 1083 1814 ὄνομα
1101 1738 1223 1818 θεῖναι,

61 1843 170 1907 κοινόν
199 1832 282 1906 εἶναι
308 1838 492 1923 δυνάμενον
518 1841 571 1905 καὶ
598 1841 659 1904 τοῦ
686 1844 901 1924 ὑποκειμένου
929 1844 983 1908 καὶ
1011 1846 1070 1908 τοῦ
1097 1845 1224 1920 ἔξωθεν

60 1955 311 2036 ἐμφαινόμενον.
345 1950 393 2016 De
412 1968 541 2016 numere
560 1956 720 2032 troporum
737 1955 913 2020 sententiae
930 1961 1069 2020 veterum
1090 1955 1223 2021 maxime

59 2063 260 2142 differebant3
290 2061 471 2143 saepissime
503 2062 741 2143 quatuordeeim
771 2068 1008 2147 enumerantur,
1034 2065 1088 2146 qui
1115 2085 1223 2132 omnes

59 2175 126 2238 fere
148 2172 230 2255 apud
251 2172 430 2238 Lucretium
453 2171 541 2236 nobis
564 2176 738 2236 occurrunt.

450 2463 488 2534 Δ.
530 2465 578 2534 De
599 2465 835 2534 translatione.

145 2616 394 2682 Translatienem
423 2617 620 2697 saepissime,
651 2635 718 2681 eum
750 2618 809 2698 ipsi
827 2636 901 2685 *non
927 2618 1224 2704 animadvertamus,
1313 2675 1315 2679 ,

62 2727 253 2806 adhibemus
274 2727 382 2808 itaque
397 2745 464 2791 eam
479 2727 574 2792 etiam
587 2727 670 2809 apud
688 2728 889 2810 antiquitatis
910 2735 1021 2810 petitas
1041 2730 1223 2811 saepissime

62 2836 244 2900 invenimus.
288 2835 474 2902 Aristoteles
497 2838 536 2902 de
557 2856 595 2904 ea
616 2838 690 2903 dieit
711 2838 797 2904 Poet.
821 2842 876 2919 21,
907 2845 942 2902 4:
975 2841 1164 2924 Masapoqct
1186 2842 1226 2904 ds

62 2948 151 3010 ἐστιν
173 2943 333 3028 ὀνόματος
359 2945 529 3030 ἀλλοτρίου
550 2949 695 3032 ἐπιφορά
715 2945 739 3035 ἤ
759 2949 830 3011 α’πό
850 2949 909 3011 τοῦ
929 2956 1037 3030 γόνους
1057 2949 1114 3013 ἐπὶ
1137 2940 1225 3024 εἶδος

60 3056 173 3146 ἧᾰπό
196 3060 257 3120 τοῦ
277 3056 383 3131 εἴδους
403 3058 460 3121 ἐπὶ
483 3059 522 3122 τό
543 3067 631 3140 γένος
651 3057 674 3144 ἤ
695 3059 764 3122 nimi
786 3058 892 3132 εἴδους
912 3059 969 3122 ἐπὶ
991 3049 1078 3133 εἶδος
1097 3056 1119 3144 ἢ
1138 3061 1223 3126 auter*

59 3172 99 3234 τό
135 3170 306 3250 τίνα’λογον.
363 3167 461 3234 Walz.
490 3168 581 3234 Rhea.
610 3168 664 3234 Gr.
691 3170 750 3233 vel.
775 3169 855 3234 VIII.
885 3189 913 3250 p.
942 3174 1016 3234 720:
1050 3170 1223 3255 μεταφυροί
1291 3226 1294 3234 ,
1326 3220 1328 3227 .

60 3282 132 3344 ἐστι
159 3279 242 3354 λέξις
272 3287 519 3362 μεταφερομένη
550 3278 622 3343 α’πό
651 3283 710 3342 τοῦ
740 3283 850 3362 κυρίου
881 3278 938 3342 ἐπὶ
969 3279 1008 3342 τό
1035 3280 1081 3364 μή
1113 3280 1223 3364 κόριον

60 3388 236 3472 ἐμφάσεως
262 3385 285 3473 ἢ
313 3385 495 3468 epotam
520 3389 623 3452 rma.
674 3388 777 3467 Quina.
801 3389 884 3454 vm.
909 3394 944 3469 ο,
973 3396 1007 3454 4:
1035 3375 1223 3473 Incipiamus

60 3500 160 3580 igitur
182 3499 222 3564 ab
242 3518 288 3580 ee,
309 3499 378 3578 (sel.
399 3501 503 3580 tropo)
522 3501 576 3581 qui
597 3517 665 3564 eum
686 3498 955 3580 frequentissimus
969 3504 1028 3580 est,
1050 3509 1115 3566 tum
1129 3501 1220 3584 longe

60 3609 305 3692 pulcherrimus,
327 3608 536 3674 translatione
557 3609 633 3688 dieo,
654 3626 735 3690 quae
756 3609 930 3692 μεταφορό
953 3626 1064 3688 graece
1083 3616 1222 3678 vocatur.

62 3723 151 3799 Quae
180 3719 303 3801 quidem
335 3738 404 3785 cum
434 3721 480 3783 ita
509 3727 557 3784 est
585 3718 625 3783 ab
654 3719 724 3798 ipsa
753 3720 843 3784 nobis
866 3736 1012 3784 mneessa
1033 3724 1165 3800 natura,
1188 3727 1224 3786 ut

61 3830 179 3895 indocti
206 3847 329 3912 queque
359 3849 397 3895 ae
419 3849 478 3896 nen
501 3830 673 3896 sentientes
703 3849 740 3894 ea
767 3831 950 3910 frequenter
978 3833 1125 3910 utantur,
1154 3834 1220 3896 tum

63 3944 109 4006 ita
129 3940 266 4005 ineunda
286 3945 381 4020 atque
401 3939 507 4022 nitida,
530 3946 566 4005 ut
587 3941 617 4003 in
638 3941 779 4004 oratione
801 3937 973 4020 quamlibet
990 3937 1076 4003 clara
1095 3940 1221 4022 proprie

65 4050 309 4122 tameniumine
332 4048 461 4114 eluceat.
505 4050 613 4132 Neque
635 4050 714 4113 enim
738 4048 875 4128 vulgaris
891 4065 958 4112 esse
979 4064 1080 4128 neque
1100 4047 1223 4114 humilis

66 4178 167 4240 neque
196 4160 334 4226 insuavis
365 4165 439 4241 apte
466 4178 504 4224 ae
532 4165 617 4226 reete
648 4159 768 4224 adscita
794 4162 908 4239 potest
952 4156 1080 4237 Gepiam
1100 4173 1222 4240 queque
