2966 4928
654 380 691 441 19

81 556 222 621 morbida
250 555 297 620 ris
326 553 483 620 hominum
512 557 619 636 generi
648 556 860 640 pecudumque
896 559 1039 624 catervis.
1099 560 1151 625 Vi.
1176 561 1253 624 1125

81 667 119 730 de
146 674 219 732 aere
247 667 417 748 depravato
447 667 521 732 dicit
546 668 636 748 isque
665 667 705 734 ab
734 687 770 734 eo
798 668 993 751 appellatur:
1021 671 1097 736 baec
1127 719 1254 737 .....

78 777 184 842 clades
212 795 293 842 nova
320 777 543 860 pestilitasque.
581 813 619 826 ··-
652 779 785 861 Saepius
812 779 926 846 ductus
954 785 987 846 et
1012 781 1125 848 similia
1153 787 1257 848 trans-

79 887 237 952 feruntur:
258 888 306 954 III.
329 894 406 954 298:
428 907 484 954 nec
506 908 620 971 capere
641 891 758 955 irarum
780 890 893 956 ductus
915 893 947 958 in
967 897 1093 974 pectore
1113 897 1256 974 possunt.

79 997 131 1063 Vi.
164 1003 219 1062 34:
251 998 374 1063 volvere
409 1017 553 1064 curarum
584 1000 685 1065 tristis
718 1002 749 1065 in
779 1007 906 1083 pectore
938 1002 1171 1076 fluctus.2v1.
1199 1009 1256 1069 74:

78 1127 209 1191 magnos
241 1112 357 1176 irarum
388 1111 513 1176 volvere
544 1110 665 1177 fluctus.
716 1113 792 1178 Aen.
821 1114 886 1177 XII.
915 1119 972 1179 83:
1003 1115 1118 1180 irarum
1149 1119 1255 1182 tantos

79 1223 177 1288 volvis
197 1224 255 1288 sub
277 1230 404 1305 pectore
425 1223 548 1291 ductus.
569 1261 606 1272 -
628 1225 680 1290 IV.
698 1232 756 1291 675
776 1227 906 1306 iegitur:
926 1227 1009 1291 unde
1029 1228 1128 1292 fluens
1150 1226 1255 1292 volvat

78 1336 185 1400 varius
205 1335 367 1401 seductus
389 1336 529 1401 odorum.
556 1373 588 1384 -
613 1337 650 1402 V.
673 1341 750 1403 1289
771 1356 835 1419 sq:
858 1338 930 1402 belii
950 1339 1124 1403 miscebant
1142 1336 1255 1404 ductus

77 1482 119 1492 -
140 1445 177 1512 V.
194 1449 288 1512 1435:
311 1451 344 1512 et
365 1447 437 1512 belii
459 1464 589 1529 magnos
610 1449 778 1512 commovit
797 1446 938 1513 funditus
959 1452 1073 1512 aestus.
1107 1447 1155 1512 111.
1182 1451 1257 1511 173:

77 1562 109 1622 et
137 1558 172 1622 in
200 1562 284 1622 terra
311 1558 424 1622 mentis
451 1559 505 1640 qui
531 1558 670 1638 gignitur
698 1564 816 1624 aestus.
846 1591 885 1603 ·-
915 1557 963 1621 iil.
988 1562 1065 1623 303:
1087 1575 1142 1622 nec
1164 1555 1254 1622 nimis

76 1668 136 1732 irai
158 1667 209 1732 fax
231 1687 367 1750 unquam
388 1669 516 1734 subdita
531 1671 641 1751 percit.
653 1705 691 1716 -
702 1669 834 1735 Habena
848 1675 885 1735 ut
898 1688 917 1734 a
931 1669 1069 1750 Vergilio
1085 1675 1117 1734 et
1132 1667 1256 1732 Valerio

76 1779 139 1842 iam
170 1797 189 1842 a
217 1779 362 1844 Lucretio
393 1781 591 1845 transfertur.
643 1781 679 1844 Π.
705 1785 782 1845 1095
806 1798 867 1861 sq.:
899 1779 1009 1863 (deis)
1038 1780 1108 1861 quis
1139 1777 1256 1844 habere

75 1887 223 1969 profundi
237 1890 408 1956 indumanu
417 1891 537 1956 validas
549 1893 632 1973 potis
644 1897 692 1957 est
705 1891 902 1956 moderanter
914 1891 1061 1956 habenas.
1082 1891 1118 1955 V.
1130 1895 1188 1956 786
1198 1909 1255 1971 sq:

75 1996 305 2080 arboribusque
324 2000 464 2065 datumst
485 2001 581 2065 variis
603 2001 715 2066 exinde
735 2019 790 2082 per
812 2019 907 2066 auras
930 2000 1088 2066 crescendi
1108 2017 1254 2082 magnum

33 2090 35 2095 ¹
75 2111 221 2176 immissis
242 2118 399 2177 certamen
413 2113 553 2179 habenis.
582 2116 657 2179 Aen.
669 2115 732 2179 VH.
747 2118 822 2179 600:
844 2133 949 2179 rerum
964 2114 1088 2196 reliquit
1102 2111 1254 2191 habenas3

74 2219 115 2284 ib.
135 2220 173 2284 V.
196 2224 275 2288 662:
294 2222 370 2287 furit
390 2224 537 2288 immissis
559 2225 715 2289 Volcanus
737 2224 885 2306 habenis3
907 2225 946 2288 ib.
969 2223 1018 2289 Vi.
1045 2229 1079 2286 l:
1100 2222 1255 2303 classique

10 2413 11 2424 ἵ
74 2330 207 2395 inmittit
235 2331 383 2396 habenas.
436 2332 505 2398 Val.
527 2334 563 2398 V.
588 2338 666 2399 518:
697 2333 853 2399 Caucasus
882 2332 983 2413 adque
1011 2332 1073 2397 tuis
1103 2335 1251 2412 quantum

10 2429 11 2488 ἐ
75 2439 221 2504 mitescat
249 2440 395 2522 habenis,
434 2459 496 2523 quo
527 2442 600 2508 ‘loco
630 2449 786 2524 utsupra
814 2442 898 2523 apud
926 2441 1104 2506 Lucretium
1126 2439 1255 2504 habenis

10 2545 11 2548 ’
74 2567 133 2629 pro
162 2551 291 2633 imperio
321 2554 457 2633 positum
487 2559 545 2618 est.
577 2589 619 2600 --
649 2554 702 2619 VI.
732 2558 808 2619 743:
844 2552 965 2637 (aves)
997 2549 1107 2630 remigi
1139 2548 1255 2616 oblitae

10 2687 11 2752 3
74 2681 249 2744 pennarum
281 2664 350 2729 vela
386 2666 558 2731 remittunt.
595 2702 634 2712 -
671 2664 831 2730 Tenebrae
863 2668 959 2745 atque
994 2662 1095 2725 iumen
1130 2658 1252 2739 saepius

74 2794 93 2838 a
113 2781 210 2858 poeta
234 2777 485 2843 transferuntur:
511 2780 531 2843 1.
556 2784 631 2843 146:
658 2779 740 2844 huno
763 2779 860 2859 igitur
881 2783 1030 2841 terrorem
1053 2771 1146 2837 animi
1167 2776 1252 2834 tene-

74 2885 222 2965 brasque.
264 2885 302 2949 V.
328 2891 366 2950 10
383 2905 448 2968 sqz
476 2888 590 2969 quique
617 2906 674 2969 per
702 2892 802 2952 artem
825 2885 973 2952 fluctibus
994 2902 1011 2947 e
1034 2882 1133 2946 tantis
1155 2879 1252 2944 vitam

75 2997 234 3078 tantisque
256 2999 391 3064 tenebris
418 3000 449 3064 in
479 3006 544 3065 tam
571 3001 741 3082 tranquillo
768 3005 801 3065 et
828 3005 892 3066 tam
918 2999 1003 3064 clara
1032 2997 1101 3060 luce
1127 2987 1251 3054 locavit·

74 3109 120 3172 ΙΠ.
148 3114 161 3171 1
185 3127 251 3190 sq:
282 3111 470 3178 Etenebris
502 3114 598 3178 tantis
633 3119 697 3178 tam
730 3113 850 3177 ciarum
883 3107 1031 3176 extollere
1061 3106 1164 3170 iumen
1196 3097 1250 3180 qui

8 3244 10 3306 j
75 3219 193 3298 primus
224 3221 352 3300 potuisti
381 3221 730 3287 inlustranscommoda
755 3223 848 3287 ritae.
896 3221 1033 3286 V.175:
1060 3213 1250 3280 intenebris

76 3331 140 3394 vita
153 3350 190 3395 ac
207 3350 347 3396 maerore
362 3333 492 3398 iacebat.
525 3336 572 3400 111.
587 3341 639 3399 77;
660 3337 719 3417 ipsi
736 3355 770 3400 se
783 3336 815 3401 in
830 3333 968 3400 tenebris
987 3331 1067 3417 volui
1091 3342 1251 3404 caenoque

8 3459 9 3534 ᾗ
77 3447 259 3523 queruntur.
316 3443 350 3507 II.
383 3448 420 3507 15
448 3464 512 3527 sq:
545 3447 686 3528 qualibus
721 3449 752 3512 iu
786 3445 923 3512 tenebris
953 3445 1035 3506 vitae
1063 3437 1251 3520 quantisque

8 3543 9 3546 '
78 3552 200 3634 periclis
233 3552 357 3634 degitur
385 3554 444 3620 boc
474 3558 542 3621 aevi
572 3558 655 3638 quod
683 3560 855 3638 cumquest.
894 3536 1030 3618 ·1.144:
1062 3549 1147 3614 clara
1178 3554 1250 3608 tuae

76 3663 190 3743 possim
219 3664 434 3746 praepandere
462 3667 579 3731 lumina
601 3669 706 3734 menti.
728 3701 766 3714 —
788 3666 838 3732 VI.
863 3670 921 3731 158
942 3680 1008 3744 sq:
1036 3662 1146 3723 ventus
1168 3655 1248 3720 enim

5 3839 6 3846 χ
78 3792 146 3837 cum
176 3773 339 3856 confercit‚
371 3775 557 3857 franguntur
579 3779 609 3842 in
631 3785 700 3842 arto
723 3777 859 3842 concreti
882 3780 1003 3838 montes
1026 3768 1197 3835 nimborum
1219 3770 1251 3828 et

5 3929 6 3942 .
79 3884 229 3963 grandine
258 3886 354 3950 mixti.
385 3923 425 3933 -
456 3888 507 3952 IV.
531 3893 588 3952 172
610 3908 671 3971 sq:
702 3907 801 3970 usque
831 3885 908 3951 adeo
940 3888 1044 3948 taetra
1077 3875 1248 3942 nimborum

80 4001 166 4060 nocte
196 4001 303 4060 coorta
340 3996 520 4077 impendent
550 4006 639 4063 atrae
665 3998 838 4064 formidinis
866 4014 922 4060 ora
951 4006 1092 4074 superne.
1155 3985 1247 4062 Verg.

80 4121 180 4186 georg.
201 4105 224 4169 1.
248 4109 326 4169 328:
360 4107 461 4172 media
489 4109 663 4174 nimborum
690 4109 721 4174 in
750 4113 848 4173 noote.
898 4103 1104 4168 15117741
1131 4091 1247 4158 Veteris

81 4215 135 4281 sub
167 4222 259 4281 nocte
286 4217 442 4299 cupressi;
474 4217 514 4284 ib.
536 4218 613 4285 VIII.
635 4225 691 4286 25:
724 4217 859 4284 nemoris
887 4233 949 4279 nox
976 4243 1017 4255 -
1045 4205 1081 4269 V.
1103 4206 1159 4266 251
1184 4210 1248 4279 sq:
