2966 4928
798 386 839 446 20

226 580 300 646 pars
330 563 426 628 terrai
461 580 522 627 non
558 561 646 628 nulla
677 609 746 626 ...
776 560 913 644 pulveris
943 561 1072 634 exhalat
1100 563 1215 629 nubem'
1244 565 1406 647 nubesque

120 665 122 672 ‘
227 673 370 740 volantis.
400 707 440 722 -·
469 673 506 736 V·
529 677 605 737 276:
637 671 738 737 »aeris
760 689 863 736 mare«
886 676 1006 754 eustat3
1028 691 1086 738 nos
1109 691 1233 756 quoque
1255 674 1405 742 dicimus:

226 783 283 850 das
305 784 394 852 ueite
415 785 584 852 Luftmeer.
600 784 843 868 -Saepissime
864 785 965 852 nodus
988 785 1189 872 transfertur:
1211 786 1236 851 1.
1259 791 1316 853 931
1341 806 1405 871 sq.:

225 899 258 958 et
285 895 365 960 artis
393 895 579 977 religionum
607 895 744 961 animum
770 895 860 960 nodis
890 895 1051 966 exsolvere
1077 913 1183 978 pergo.
1230 897 1282 963 IV.
1307 903 1405 965 1116:

225 1022 298 1069 narn
327 1005 426 1070 vitare
454 1005 565 1088 plagas
594 1007 626 1071 in
654 1006 769 1071 amoris
799 1023 838 1071 ne
865 1005 1017 1071 iaciamur
1047 1007 1179 1073 nonita
1209 1007 1332 1076 difficile
1353 1017 1405 1076 est

225 1134 317 1198 quam
345 1123 470 1198 captum
499 1117 617 1183 retibus
647 1118 722 1200 ipsis
744 1117 829 1183 exire
851 1121 884 1183 et
902 1117 1024 1186 validos
1046 1118 1180 1186 Veneris
1202 1139 1406 1204 perrumpere

224 1225 331 1291 nodos.
383 1226 434 1292 Vl.
457 1232 517 1292 877
540 1243 595 1307 sq:
625 1227 714 1310 quasi
746 1244 839 1309 saepe
869 1227 987 1310 gelum,
1018 1229 1102 1311 qnod
1133 1230 1272 1295 continet
1301 1231 1331 1297 in
1361 1249 1405 1312 se,

225 1336 324 1402 mittit
341 1344 374 1403 et
386 1338 502 1405 exolvit
516 1338 645 1421 glaciem
660 1338 816 1421 nodosque
831 1339 960 1406 relaxat.
996 1340 1050 1407 VI.
1064 1346 1123 1406 356
1138 1359 1200 1423 sq.:
1223 1340 1405 1424 (elementa)

225 1446 524 1513 dissolvuntnndns
552 1447 652 1513 omnis
681 1453 714 1513 et
739 1447 839 1514 vincla
867 1448 1021 1515 relaxant.
1050 1450 1272 1532 ·11.94asq:
1305 1452 1405 1519 donec

223 1559 396 1624 materies.
421 1610 428 1625 .
452 1612 459 1626 .
482 1559 586 1625 vitalis
606 1560 728 1628 animae
749 1559 850 1626 nodos
868 1579 888 1625 a
908 1579 1038 1644 corpore
1059 1560 1161 1627 solvit.
1203 1563 1280 1628 item
1301 1563 1404 1628 uincla
1463 1623 1467 1634 .

223 1675 256 1735 et
275 1669 414 1736 claustra
435 1661 561 1754 saepius
575 1671 825 1738 transieruntur:
847 1673 869 1738 1.
884 1677 923 1738 70
935 1691 999 1754 sq.:
1020 1672 1126 1738 irritat
1137 1671 1232 1738 animi
1244 1673 1405 1754 virtutem,

224 1779 390 1862 effringere
419 1788 455 1847 ut
488 1789 559 1847 arta
590 1789 726 1847 naturae
754 1783 874 1864 primus
905 1787 1069 1865 portarurn
1101 1781 1241 1849 claustra
1271 1785 1404 1866 cupiret.

135 1871 137 1878 ¹
222 1893 244 1958 l.
258 1898 318 1958 414
331 1911 391 1976 sq.:
414 1899 450 1958 ut
470 1909 582 1958 verear
602 1911 642 1959 ne
665 1892 757 1959 tarda
777 1893 866 1975 prius
886 1911 945 1975 per
965 1891 1106 1976 membra
1127 1897 1272 1958 senectus
1296 1897 1405 1974 serpat

222 2010 255 2069 et
275 2003 305 2068 in
328 2005 418 2071 nobis
439 2007 514 2072 vitai
534 2005 673 2074 claustra
693 2007 839 2074 resolvat.
873 2008 922 2073 111.
938 2011 1012 2073 396:
1034 2010 1067 2072 et
1086 2006 1185 2087 magis
1208 2011 1258 2071 est
1278 2005 1404 2070 animus

222 2116 299 2183 vitai
330 2118 467 2184 claustra
495 2125 649 2186 coercens.
681 2155 718 2166 -
749 2119 799 2184 IV.
824 2123 920 2185 1107:
950 2124 1047 2200 atque
1076 2117 1108 2183 iu
1138 2119 1206 2182 eost
1233 2116 1338 2182 Venus
1366 2121 1405 2180 ut

224 2226 388 2295 muliebria
409 2235 553 2296 conserat
571 2249 656 2296 arva
669 2267 710 2278 —
723 2230 774 2297 Ill.
792 2234 885 2296 1233:
910 2247 968 2297 nec
988 2229 1092 2295 diviua
1111 2232 1216 2294 satum
1236 2227 1404 2310 genitalem

221 2339 350 2422 numina
383 2341 528 2421 cuiquam
561 2340 748 2406 absterrent.
807 2343 829 2407 Ι.
858 2343 918 2404 476
948 2357 1014 2422 sq.:
1049 2357 1106 2404 nec
1140 2339 1218 2404 elam
1251 2340 1403 2405 durateus

222 2452 378 2518 Troiianis
399 2454 553 2535 Pergama
574 2459 668 2538 partu
689 2453 912 2520 inflammasset
941 2471 1038 2534 equos
1066 2457 1216 2518 nocturno
1238 2451 1404 2531 Graiiuge-

223 2583 343 2630 narum.
360 2601 400 2614 -
414 2567 464 2633 lV.
481 2572 560 2633 1086
576 2586 637 2651 sq.:
660 2586 794 2650 namque
815 2568 847 2632 in
870 2586 905 2632 ec
928 2585 1000 2649 spes
1024 2569 1082 2648 est,
1104 2565 1188 2632 unde
1209 2569 1259 2630 est
1281 2563 1403 2628 ardoris

220 2676 325 2756 origo,
364 2677 517 2757 restingui
555 2695 678 2760 quoque
714 2693 807 2760 posse
845 2675 886 2742 ab
923 2674 1033 2742 eodem
1071 2691 1201 2755 corpore
1237 2671 1403 2737 flammam.

223 2785 390 2866 Quaeritur
420 2793 523 2854 utrum
550 2788 607 2854 hoc
635 2789 704 2854 loco
733 2788 902 2870 allegoriae
931 2794 1042 2870 tropus
1073 2785 1258 2852 statuendus
1288 2781 1331 2846 sit
1360 2800 1402 2846 an

221 2896 351 2978 simplex
373 2897 540 2962 translatio
560 2897 611 2962 sit.
645 2899 790 2964 Ceterum
812 2899 893 2980 ignis
913 2903 946 2963 et
968 2897 1066 2963 ardor
1086 2896 1157 2961 aliis
1179 2911 1303 2977 quoque
1324 2891 1403 2958 locis

223 3005 366 3071 similiter
395 3006 647 3074 transferuntur:
675 3010 698 3074 Ι.
722 3013 782 3074 473
802 3027 856 3090 sq:
885 3026 1052 3090 numquam
1075 3005 1264 3089 Tyndaridis
1283 3002 1403 3068 formae

220 3112 372 3181 conflatus
403 3135 508 3182 amore
537 3118 636 3201 ignis,
669 3118 836 3184 Alexandri
858 3117 993 3199 Phrygio
1022 3116 1079 3182 sub
1106 3120 1234 3198 pectore
1254 3114 1400 3196 gliscens

221 3225 306 3291 clara
320 3226 511 3294 accendisset
527 3229 700 3294 certamina
715 3227 799 3293 belli.
834 3228 883 3294 ill.
894 3231 954 3292 288
964 3244 1019 3308 sq:
1042 3225 1074 3291 in
1095 3224 1143 3290 ira
1163 3242 1233 3308 cum
1256 3222 1403 3288 fervescit

222 3339 255 3400 ct
276 3353 314 3399 ex
340 3335 436 3402 oculis
466 3337 560 3403 micat
582 3337 707 3403 acribus
738 3337 841 3402 ardor.
885 3336 962 3400 Aen.
984 3335 1049 3405 1111.
1075 3336 1153 3399 102:
1182 3332 1278 3398 oculis
1306 3333 1403 3398 micat

221 3446 344 3513 acribus
367 3447 458 3527 ignis.
479 3485 512 3496 -
532 3448 633 3514 Filum
654 3449 780 3530 saepius
802 3466 860 3531 pro
883 3447 984 3529 figura
1005 3452 1193 3528 usurpatur:
1213 3446 1250 3511 V.
1264 3449 1324 3510 588
1337 3463 1402 3528 sq.:

219 3574 407 3638 perparvom
435 3558 585 3640 quiddam
614 3559 696 3624 inter
733 3559 806 3625 dum
848 3564 969 3625 mutare
991 3557 1119 3624 uidetur
1145 3557 1278 3622 alteram
1294 3561 1400 3622 utram

218 3653 252 3733 in
282 3673 405 3749 partem
437 3667 538 3748 iilum,
568 3688 631 3751 qno
666 3669 789 3751 longius
822 3669 939 3735 absunt
970 3705 1009 3716 -
1039 3667 1145 3733 Pullus
1174 3685 1232 3749 pro
1265 3667 1400 3748 »stirps«

220 3785 325 3844 exstat
346 3779 382 3844 V.
397 3784 477 3844 1363
490 3798 552 3862 sq.:
572 3781 738 3847 arboribus
760 3782 907 3864 quoniam
929 3781 1027 3847 bacae
1048 3778 1242 3861 glandesque
1264 3777 1401 3844 caducae

222 3891 406 3972 tempestiva
427 3891 544 3958 dabant
564 3895 719 3976 pullorum
739 3895 882 3961 examina
896 3912 1028 3976 semper.
1042 3929 1082 3940 —-
1098 3893 1149 3958 lV.
1168 3895 1262 3956 1063:
1285 3890 1401 3975 (decet)

219 4001 335 4084 pabula
366 4005 482 4070 amoris
514 4005 691 4072 absterrere
722 4007 790 4072 sibi.
849 4006 886 4072 V.
909 4009 990 4071 1074
1010 4022 1073 4088 sq.:
1106 4006 1190 4070 inter
1219 4021 1316 4086 equas
1347 4002 1403 4067 ubi

220 4129 320 4193 equus
350 4112 473 4178 florenti
507 4121 613 4181 aetate
635 4117 782 4182 iuvencus
804 4115 959 4198 pinnigeri
982 4115 1085 4182 saevit
1115 4112 1288 4180 calcaribus
1320 4112 1403 4177 ictns

221 4224 345 4290 amoris.
393 4224 445 4291 lV.
475 4229 570 4293 1068:
599 4227 687 4294 ulcus
717 4228 797 4294 enim
826 4224 904 4311 (acl.
934 4226 1072 4311 amoris)
1101 4223 1240 4292 vivescit.
1270 4257 1311 4268 -
1340 4220 1400 4286 liin
