2966 4928
679 371 684 380 ⁸
815 352 835 411 4

246 527 395 596 sermonis
416 530 513 606 auget
532 524 741 608 permittendo
763 526 920 607 mutuari,
941 545 1022 607 quae
1043 545 1104 591 non
1127 527 1238 610 babet,
1262 529 1404 612 quodque

121 713 125 719 ,
246 637 457 704 difficillimum
486 641 552 718 est,
581 642 741 719 praestat,
773 655 811 701 ne
839 636 893 701 ulli
923 636 969 700 rei
989 656 1098 702 nomen
1122 637 1229 703 deesse
1252 639 1403 705 videatur.

247 747 449 814 Transfertur
484 751 589 812 autem
624 764 736 812 nomen
776 750 834 810 aut
868 746 995 812 verbum
1031 767 1069 811 cx
1105 767 1140 812 eo
1173 747 1239 812 loco
1274 749 1306 812 iu
1344 767 1404 829 quo

246 858 407 941 proprium
432 861 490 939 est,
512 856 543 921 in
560 875 640 937 eum,
661 859 693 924 in
716 875 776 938 quo
798 862 853 922 aut
868 857 1028 938 proprium
1044 857 1133 922 deest
1147 863 1202 923 aut
1216 857 1403 931 translatum

245 968 371 1050 proprio
394 966 502 1032 melius
523 972 581 1032 est.
623 967 658 1032 ld
680 967 826 1047 facimus,
849 972 906 1032 aut
928 967 1001 1047 quia
1022 984 1147 1031 necesse
1168 972 1233 1048 est,
1254 973 1311 1032 aut
1332 969 1405 1049 quia

246 1076 470 1163 significantius
488 1081 547 1159 est,
568 1083 626 1142 aut
646 1077 698 1162 (nt
720 1076 800 1160 dixi)
819 1077 894 1157 quia
915 1075 1084 1140 decentius.
1116 1075 1176 1140 Ubi
1200 1077 1275 1142 nihil
1297 1077 1404 1142 borum

243 1187 432 1270 praestabit,
466 1187 550 1270 quod
588 1187 811 1267 transferetur,
846 1185 1046 1266 improprium
1082 1187 1152 1278 erit.
1216 1189 1334 1251 Auctor
1365 1188 1404 1250 ad

243 1297 435 1362 Herennium
453 1297 506 1362 IV.
525 1303 574 1380 34,
596 1303 651 1363 45:
675 1297 852 1362 Translatio
875 1303 934 1379 est,
954 1314 1021 1360 curn
1044 1296 1173 1361 verbum
1195 1296 1225 1360 in
1248 1297 1403 1377 quandam

196 1465 198 1471 Α
244 1425 309 1474 rom
338 1410 531 1474 transfertur
551 1425 589 1472 ex
610 1406 672 1473 alia
702 1428 756 1491 re,
785 1409 869 1490 quod
899 1411 1030 1490 propter
1060 1405 1293 1471 similitudinem
1322 1415 1405 1474 recte

244 1518 399 1584 videbitur
411 1536 504 1600 posse
520 1517 697 1584 transferri.
711 1552 745 1563 -
757 1517 1005 1582 Consentaneum
1019 1522 1077 1597 est,
1091 1517 1200 1597 primis
1215 1518 1404 1599 temporibus

244 1628 370 1710 liuguae
392 1628 630 1693 translationem
651 1629 751 1693 minus
773 1625 914 1692 adhiberi
929 1643 1024 1708 quam
1039 1627 1276 1710 posterioribus,
1298 1629 1405 1710 itaque

243 1737 325 1820 apud
339 1738 508 1820 scriptores
519 1738 634 1804 aetatis
643 1739 823 1820 Augusteae
837 1737 917 1803 buno
931 1753 1019 1800 nsum
1034 1734 1215 1816 saepissime
1225 1737 1404 1803 invenimus.

243 1848 348 1916 Etiam
367 1849 542 1931 Lucretius,
560 1850 611 1930 qui
626 1848 784 1912 nonnullis
801 1848 958 1912 decenniis
973 1851 1047 1909 ante
1063 1844 1178 1924 floruit,
1201 1847 1405 1912 translatione

243 1958 357 2037 utitur,
386 1964 418 2023 et
445 1957 560 2023 multos
589 1963 701 2039 poetas
731 1958 912 2040 posterioris
942 1955 1094 2036 temporis
1123 1973 1192 2019 eum
1222 1957 1253 2020 in
1285 1958 1341 2022 hac
1370 1977 1406 2022 rc

243 2068 381 2132 imitatos
403 2085 487 2165 esse,
524 2067 730 2148 sequentibus
752 2067 887 2150 probare
911 2066 1099 2132 conabimur.
1230 2069 1232 2074 ’

502 2309 532 2354 a.
576 2291 896 2356 Translationes
924 2289 1142 2356 verborum.

326 2421 511 2503 Saepissime
526 2421 684 2488 fundendi
708 2423 834 2488 verbnm
855 2421 1056 2488 transfertur.
1087 2421 1196 2485 Multis
1216 2420 1291 2486 locis
1313 2421 1405 2487 huius

244 2528 330 2595 verbi
357 2530 541 2610 significatio
569 2532 610 2596 ad
640 2534 802 2598 sternendi
823 2533 963 2597 inclinat.
1021 2531 1076 2596 III.
1102 2537 1175 2594 113:
1209 2530 1405 2614 effrrsumque

243 2640 327 2705 iacet
341 2641 408 2706 sine
422 2659 515 2706 sensu
531 2659 644 2724 corpus
659 2642 835 2709 honustum.
869 2642 920 2706 IV.
943 2647 1015 2706 757:
1038 2661 1107 2708 cum
1127 2659 1253 2707 somnus
1268 2643 1406 2706 membra

242 2749 389 2830 profudit.
423 2749 583 2815 Cicverr.
599 2751 632 2815 V.
655 2756 707 2816 28:
729 2758 764 2818 ut
784 2753 842 2817 fusi
863 2753 930 2816 sine
953 2759 1055 2816 mente
1078 2771 1114 2816 ao
1137 2753 1203 2816 sine
1225 2751 1286 2815 allo
1308 2772 1404 2815 sensu

243 2860 387 2924 iacerent
430 2860 523 2941 Verg.
546 2863 622 2927 Aen.
645 2864 670 2927 I.
695 2868 753 2927 192
775 2881 839 2944 sq:
867 2870 986 2945 septem
1015 2881 1145 2942 corpora
1168 2862 1279 2925 fundat
1302 2860 1405 2935 humi;

243 2970 285 3035 ib.
307 2969 361 3034 XI.
384 2971 461 3036 665:
481 2968 568 3034 humi
583 2990 713 3053 corpora
735 2974 847 3039 fundis.
864 3011 901 3020 —-
919 2973 970 3038 VI.
993 2977 1070 3036 401:
1094 2971 1239 3052 Juppiter
1254 2971 1284 3033 in
1301 2977 1405 3035 terras

243 3079 359 3146 fulmen
391 3082 574 3162 sonitusque
604 3079 775 3163 profundit.
828 3085 896 3150 Val,
927 3085 951 3149 1.
982 3087 1059 3147 446;
1091 3084 1215 3162 ingrato
1251 3080 1404 3161 Steropen

244 3192 324 3274 quod
352 3191 480 3256 fuderat
508 3209 591 3257 arcu.
645 3193 793 3259 Similiter
822 3201 925 3258 exstat
954 3193 1045 3258 Lacr.
1069 3191 1104 3255 V.
1130 3195 1226 3254 1375:
1253 3189 1403 3268 (olearum

245 3301 368 3368 caerula
396 3301 504 3383 plaga)
534 3320 590 3382 per
623 3304 757 3368 tumulos
789 3309 822 3369 et
853 3303 1001 3368 convallis
1039 3318 1224 3382 camposque
1264 3299 1404 3380 profuse.

244 3411 296 3477 VI.
319 3417 396 3476 744:
427 3411 535 3495 (aves)
565 3414 815 3494 praecipitesque
844 3415 962 3479 cadunt
990 3412 1074 3477 molli
1103 3412 1220 3476 cervice
1250 3410 1403 3489 profusae.

244 3522 304 3590 Sed
326 3522 384 3587 hoc
404 3521 470 3588 loco
492 3522 702 3587 annotandum
725 3531 782 3604 est,
802 3542 911 3588 versus
933 3524 1004 3602 libri
1024 3524 1104 3587 sexti
1121 3523 1282 3585 ulo-746
1302 3520 1403 3601 Pollii,

243 3631 301 3697 viri
324 3630 502 3710 doctissimi,
522 3632 680 3696 sententia
699 3633 902 3714 interpolatos
926 3651 1004 3713 esse,
1026 3650 1118 3712 quam
1141 3632 1328 3695 sententiam
1350 3651 1402 3696 ex-

242 3739 338 3823 plicat
359 3739 437 3804 Phil.
458 3741 518 3805 vol.
542 3741 598 3821 26,
621 3761 650 3823 p.
671 3747 742 3807 537.
770 3780 802 3788 —
827 3743 895 3808 Alio
919 3763 1012 3808 sensu
1034 3740 1182 3806 fundendi
1205 3741 1403 3805 verbum'his

245 3849 320 3915 locis
350 3849 520 3915 adhibitum
550 3856 616 3916 est:
643 3853 667 3918 Ι.
690 3857 728 3917 39
750 3872 810 3935 sq:
841 3855 944 3918 suavis
975 3873 1011 3918 ex
1040 3871 1093 3916 ore
1122 3851 1271 3934 loquellas
1297 3851 1402 3916 funde.

243 3960 279 4024 V.
304 3960 417 4041 110*):
454 3959 523 4038 Qua
556 3963 644 4043 prius
682 3963 849 4044 aggrediar
884 3983 978 4046 quam
1016 3964 1053 4028 de
1087 3983 1122 4027 re
1159 3961 1289 4028 fundere
1325 3961 1401 4026 fata.

308 4167 334 4237 ¹⁸)
353 4167 412 4222 Hoc
428 4169 506 4238 signo
518 4187 564 4225 eos
581 4170 655 4225 locos
670 4172 773 4237 notavi,
789 4173 837 4240 qui
850 4173 991 4228 Munronis
1003 4171 1141 4228 sententia
1153 4169 1315 4241 interpolati
1327 4171 1401 4224 sunt.
