2966 4928
646 341 664 403 9
774 390 778 400 .

82 521 105 586 1.
129 525 206 586 1033
221 539 270 603 sq:
293 519 519 602 summissaque
540 539 616 603 gens
638 521 832 586 animantum
853 521 970 588 floreat.
1002 521 1039 588 V.
1061 527 1135 590 888:
1153 516 1234 591 'aevo

83 631 218 698 florente.
260 631 297 696 V.
320 636 395 696 895:
427 631 611 716 (monstra)
633 650 713 714 quae
734 649 836 712 neque
856 632 1034 698 florescunt.
1076 633 1112 700 V.
1137 638 1233 700 1412:

84 743 141 806 ium
163 759 249 806 mare
272 740 411 806 velivolis
431 740 572 809 florebat
592 742 756 825 puppibus.
799 742 836 808 V.
859 747 935 808 912:
966 742 1097 825 gemmis
1126 743 1238 811 florere

83 851 211 916 arbusta
232 858 350 916 sudsse.
402 851 460 917 His
481 851 556 920 locis
578 850 688 918 florere
708 871 766 936 pro
788 854 888 919 nitere
911 858 1097 936 usurpatum
1119 860 1179 938 est,
1201 859 1237 920 ut

83 961 175 1026 etiam
196 961 249 1026 IV.
271 966 346 1027 450:
374 961 572 1028 lucernorum
594 960 738 1030 florentia
759 963 875 1029 lumina
895 961 1040 1029 flammis.
1084 964 1159 1044 Quis
1178 963 1238 1030 hoc

82 1068 148 1136 loco
180 1089 243 1137 non
275 1072 453 1137 meminerit
486 1072 613 1139 Homeri
647 1074 749 1142 illius:
785 1073 886 1156 πυρὰς
918 1068 1032 1148 ἄνθος.
1091 1073 1243 1150 Similiter

81 1182 213 1263 legimus
245 1182 327 1264 apud
362 1183 456 1264 Verg.
485 1184 561 1250 Aen.
591 1184 657 1250 VII.
687 1190 764 1252 804:
802 1184 943 1250 florentis
978 1202 1051 1251 cere
1085 1189 1239 1252 catervas.

81 1292 163 1357 Stat.
186 1290 282 1357 Theb.
304 1292 329 1358 Ι.
352 1297 411 1359 704
428 1311 488 1374 sq:
512 1294 645 1360 aetherii
667 1297 749 1361 dono
771 1313 893 1364 cessere
915 1294 1056 1378 parentis
1078 1299 1239 1361 aeternum

82 1403 193 1468 florere
212 1419 317 1484 genas.
348 1402 416 1467 Val.
437 1402 460 1468 I.
483 1407 556 1469 537:
577 1404 639 1470 ianr
661 1405 780 1488 pridem
801 1407 887 1488 regio
904 1406 1005 1473 undat
1026 1403 1115 1488 equis
1134 1403 1239 1475 floret·

82 1532 140 1595 que
153 1513 281 1579 viris=
293 1513 386 1577 armis
398 1513 551 1604 virorum;
572 1514 646 1579 ibid.
659 1515 695 1581 V.
709 1519 784 1580 564:
804 1514 899 1581 variis
921 1515 1013 1581 floret
1032 1515 1084 1581 via
1105 1514 1239 1584 discolor

83 1624 196 1708 ormis3
215 1623 255 1690 ib.
278 1623 345 1688 VII.
369 1628 406 1687 77
417 1640 425 1690 :
446 1630 569 1689 armata
590 1600 759 1692 florescunt
779 1625 862 1710 pube
882 1625 1020 1692 novales.

159 1734 255 1802 Plco.
291 1733 359 1798 Hoc
374 1751 494 1816 quoque
511 1734 637 1800 verbum
652 1735 835 1818 saepissime
848 1735 1035 1802 translatum
1057 1732 1237 1800 invenimus.

83 1847 131 1912 IV.
150 1851 230 1912 350:
253 1841 339 1930 (adr)
362 1844 498 1910 crassior
517 1845 691 1926 insequitur
712 1845 764 1928 qui
787 1849 898 1912 cuncta
919 1844 1073 1910 foramina
1094 1842 1237 1925 complet.

82 1958 130 2022 1V.
154 1961 231 2022 319:
253 1958 306 2038 qui
329 1954 421 2021 simul
443 1959 539 2036 atque
558 1955 626 2020 vias
646 1956 805 2022 oculorum
827 1957 897 2022 luce
918 1955 1061 2040 replevit.
1102 1953 1148 2020 ΙΙ.Ἰ
1163 1955 1237 2018 806;

82 2066 243 2147 caudaque
271 2065 417 2148 paronio,
447 2065 537 2146 larga
567 2085 634 2132 cum
667 2067 736 2132 luce
764 2066 887 2149 repleta
917 2071 974 2132 est.
1017 2065 1069 2132 IV.
1093 2068 1152 2130 377
1176 2081 1237 2146 sq:

81 2181 248 2259 propterea
277 2175 368 2244 facile
398 2178 431 2242 et
462 2175 616 2258 spoliatur
648 2175 765 2241 lumine
795 2183 882 2243 terra
919 2181 952 2243 at
988 2175 1130 2259 repletur
1163 2174 1238 2239 item

81 2288 250 2370 nigrasque
288 2285 348 2352 sibi
387 2285 487 2351 abluit
524 2287 669 2370 umbras3
705 2289 781 2354 item
819 2286 945 2369 explere
982 2292 1077 2370 atque
1110 2282 1240 2350 abluere

83 2399 247 2464 coniuncta
267 2396 469 2463 inveniuntur
491 2395 543 2462 IV.
565 2399 661 2481 875*)
684 2417 744 2482 sq:
768 2398 813 2466 sic
834 2399 932 2480 igitur
953 2396 1009 2464 tibi
1032 2396 1145 2464 anhela
1168 2393 1237 2460 sitis

82 2509 116 2573 de
127 2526 259 2591 corpore
271 2513 379 2574 nostro
393 2507 540 2588 abluitur,
554 2509 598 2574 sic
609 2509 753 2593 expletur
764 2503 867 2577 ieiuna
881 2509 1005 2593 cupido.
1024 2508 1081 2573 111.
1091 2509 1170 2572 1003
1178 2521 1236 2586 sq:

82 2618 193 2684 deinde
221 2617 315 2683 animi
343 2619 500 2701 ingratam
527 2622 672 2684 naturam
696 2635 827 2700 pascere
854 2637 979 2701 semper
999 2621 1094 2700 utque
1112 2615 1237 2698 explere

80 2729 166 2796 bonis
184 2727 278 2795 rebus
293 2728 473 2810 satiareque
486 2745 653 2809 nunquam.
685 2730 852 2795 11110071
875 2747 931 2795 nec
951 2733 1057 2795 tamen
1078 2725 1237 2808 explemur

81 2842 155 2907 vitai
179 2839 330 2907 fructibus
352 2856 501 2920 unquam.
551 2837 604 2902 IV.
628 2842 723 2904 1093:
753 2839 812 2906 huc
832 2837 922 2904 facile
944 2839 1086 2920 expletur
1107 2835 1235 2902 leticum

80 2951 264 3033 frugumque
291 2948 419 3032 cupid0;
448 2946 589 3014 similiter
610 2947 696 3029 apud
718 2948 874 3015 Valerium
901 2949 1049 3031 legimus:
1079 2945 1133 3013 IV.
1158 2949 1236 3011 323:

81 3059 198 3143 expleri
219 3059 319 3126 victor
349 3058 463 3140 nequit.
511 3058 588 3124 Aen.
609 3057 693 3124 VIII.
716 3062 790 3124 265:
819 3066 978 3140 nequeunt
1000 3055 1119 3140 expleri
1140 3053 1236 3128 corda

81 3169 196 3236 tuendo
225 3168 382 3235 horribilis
414 3166 536 3249 oculos3
568 3167 608 3233 ib.
632 3171 708 3233 618:
737 3167 854 3250 expleri
881 3169 998 3251 nequit.
1020 3203 1060 3214 -
1081 3166 1118 3232 V.
1139 3163 1235 3246 226*)

80 3280 227 3362 legimus:
256 3280 425 3360 vagituque
454 3278 554 3343 locuni
581 3277 707 3359 lugubri
730 3278 872 3360 complet.
916 3280 956 3344 Il.
980 3284 1054 3345 146:
1084 3294 1159 3342 aera
1178 3292 1236 3358 per

79 3395 220 3456 tenerum
238 3379 369 3471 'liquidis
389 3387 456 3454 loca
476 3387 601 3452 vocibus
622 3387 759 3470 opplent.
809 3388 863 3455 IV.
886 3394 961 3455 607:
984 3408 1057 3472 ergo
1077 3387 1237 3469 replentur

79 3497 146 3564 loco
178 3499 315 3565 vocibus.
377 3499 416 3564 Il.
449 3501 508 3563 358
537 3516 589 3580 sq:
625 3497 819 3580 completque
852 3498 1000 3580 quereIIIs
1033 3493 1236 3564 frondiferum

78 3627 188 3676 nemus
220 3609 389 3676 adsidueis.
439 3608 478 3675 V.
501 3612 561 3673 992
583 3625 646 3688 sq:
677 3612 710 3672 et
746 3625 874 3672 nemora
906 3626 943 3672 ac
971 3607 1086 3674 montis
1118 3602 1235 3688 gemitu

77 3719 233 3802 silvasque
272 3718 414 3802 replebat
452 3717 523 3782 viva
563 3717 669 3782 videns
711 3716 779 3781 vivo
819 3716 943 3799 sepeliri
971 3717 1092 3783 viscera
1132 3713 1234 3781 busto.

77 3813 290 3896 Pulcherimus
318 3829 367 3895 hic
393 3829 480 3895 locus
509 3832 558 3893 est
579 3830 612 3892 et
632 3843 707 3892 vere
728 3825 885 3908 poeticum
911 3831 1005 3908 pocta
1034 3827 1136 3892 dicere
1166 3822 1236 3890 vult

77 3938 216 4005 homines
240 3939 388 4004 a'bcstiis
409 3943 519 4020 raptos
540 3938 580 4003 ab
598 3938 668 4002 aliis
683 3937 866 4004 animalibus
881 3937 959 4002 vivis
976 3937 1061 4003 vivos
1079 3935 1234 4016 devorari;

76 4051 195 4116 accedit
224 4057 386 4130 praeterea
413 4049 632 4114 alliterationis
659 4064 752 4127 usus,
778 4066 859 4128 quac
886 4047 1146 4129 pulchritudinem
1173 4044 1234 4109 loci

77 4161 207 4226 maxime
236 4165 339 4239 auget.
389 4160 521 4226 Bustum
549 4159 672 4239 saepius
703 4157 749 4222 ito
777 4174 796 4221 a
822 4159 922 4239 poetis
951 4157 1141 4222 transfertur
1148 4175 1156 4231 i
1185 4155 1231 4220 ita

1035 4265 1052 4318 2
