2966 4928
638 369 676 429 35

80 546 220 626 gradiens
239 543 356 610 arteria
380 544 604 609 clamen-IV
607 589 613 602 .
628 548 688 608 684
700 561 764 627 sq:
785 543 829 608 sic
841 542 909 608 aliis
930 542 1009 608 alius
1032 543 1123 608 nidor
1146 543 1238 608 datus

78 656 114 720 ad
135 674 191 721 sua
212 673 369 739 quemque
391 653 504 735 pabula
526 653 612 718 ducit
634 661 667 718 et
681 671 701 718 a
716 660 796 717 tetro
815 652 938 721 resilire
957 670 1076 718 veneno
1095 654 1185 734 cogit.
1200 689 1238 698 —

79 765 125 831 Ν.
149 769 204 830 123
227 783 293 847 sq:
315 764 416 829 divom
439 782 550 828 numen
575 763 731 847 sortisque
751 762 895 844 fatigant.
916 798 956 808 -
976 762 1027 827 IV.
1043 767 1115 827 692:
1136 753 1242 844 (odor)

79 873 266 940 errabundus
298 876 378 940 enim
413 873 502 938 tarde
533 874 626 937 venit.
680 873 834 938 IV.153:
863 889 956 956 quarn
989 873 1127 937 meminit
1157 872 1241 938 levor

22 991 25 1050 l
75 991 234 1066 praestare
255 984 396 1048 salutem.
423 1019 456 1030 ·-
478 985 600 1048 155805
620 982 770 1064 ploratus,
792 984 902 1048 mortis
921 983 1048 1048 comites
1069 989 1102 1048 et
1121 984 1239 1050 funeris

22 1077 23 1080 ¹
75 1095 141 1159 atri.
164 1131 204 1140 -
222 1093 258 1157 V.
282 1099 341 1159 263
358 1112 422 1178 sq:
443 1111 572 1174 magnus
594 1093 741 1158 decursus
763 1111 913 1176 aquarum
935 1092 1071 1177 undique
1092 1093 1238 1159 declarat.

20 1231 21 1238 ¹
76 1242 113 1252 -
141 1206 163 1271 t
188 1208 265 1270 832:
292 1205 433 1269 concedit
461 1203 548 1267 nobis
575 1203 670 1284 patrii
699 1204 849 1267 sermonis
873 1206 1005 1282 egestas.
1035 1239 1075 1250 -
1102 1204 1137 1290 V.
1160 1209 1239 1270 440:

19 1349 21 1394 ;
74 1315 227 1380 discordia
249 1365 256 1379 .
275 1366 304 1380 ..
328 1315 477 1380 turbabat
496 1312 614 1394 proelia
634 1312 773 1378 miscens.
802 1312 840 1376 V.
865 1317 955 1377 1305:
977 1313 1021 1377 sic
1035 1313 1099 1379 alid
1120 1332 1158 1378 ex
1177 1313 1238 1379 alic

19 1425 20 1460 ³
73 1425 191 1507 peperit
212 1425 364 1490 discordia
385 1425 491 1489 tristis.
517 1458 550 1468 -
574 1421 611 1485 V.
626 1425 685 1484 727
697 1439 759 1505 sq:
781 1426 818 1486 ut
838 1421 1027 1504 Babylonica
1050 1422 1238 1490 Chaldaeum

17 1499 20 1622 l
72 1535 210 1600 doctrina
236 1534 376 1600 refutans
406 1533 636 1614 astrologorum
667 1537 766 1596 artem
793 1536 902 1596 contra
922 1534 1104 1602 convincere
1127 1533 1238 1599 tendit.

16 1633 18 1704 j
73 1681 109 1692 -
131 1644 167 1709 V.
191 1648 286 1709 1007:
317 1651 382 1710 tum
410 1645 541 1726 penuria
573 1642 683 1706 deinde
713 1640 771 1706 cibi
802 1641 983 1722 languentia
1010 1643 1072 1708 leto
1099 1644 1239 1708 membra

16 1739 18 1776 ³
73 1753 177 1818 dabat.
208 1774 249 1800 -·-
280 1755 317 1818 V.
340 1759 433 1818 1452:
465 1771 538 1818 usus
570 1757 603 1818 et
633 1753 783 1834 impigrae
815 1751 906 1816 simul
937 1754 1128 1834 experientia
1157 1754 1238 1818 vitae

15 1819 22 1967 i
71 1863 218 1945 paulatim
239 1863 344 1928 docuit
371 1863 572 1944 pedetentim
595 1861 832 1943 progredientis.
882 1860 935 1927 Vl.¹
952 1867 987 1928 9:
1016 1881 1097 1947 quae
1116 1862 1239 1943 flagitat

71 1992 151 2039 usus.
173 2011 213 2021 —
236 1975 270 2038 V.
290 1978 350 2038 858
371 1989 434 2056 sq:
464 1979 521 2037 aut
541 1972 630 2036 dolus
650 1977 707 2037 aut
724 1971 825 2036 virtus
855 1977 911 2037 aut
931 1973 1063 2058 denique
1085 1972 1238 2038 mobilitas

14 2085 18 2165 ζ
71 2090 175 2152 estex
196 2086 321 2150 ineunte
342 2103 417 2148 aevo
439 2101 535 2165 genus
556 2083 589 2147 id
619 2079 723 2148 tutata
745 2099 919 2148 reservans.
947 2118 988 2130 —-
1017 2084 1067 2148 Ν.
1089 2091 1149 2164 453
1172 2101 1238 2164 sq:

13 2182 17 2261 l
71 2213 136 2259 cum
157 2197 244 2260 suavi
267 2194 403 2259 devinxit
423 2189 559 2257 membra
574 2210 684 2273 sopore
698 2210 836 2258 sonamus.
859 2227 894 2238 -
919 2194 969 2260 IV.
984 2199 1057 2260 583:
1082 2195 1237 2260 taciturna

12 2325 13 2349 ³
70 2305 192 2370 silentia
214 2306 322 2386 rumpi.
357 2304 409 2370 Ν.
432 2307 508 2368 40οε
528 2321 636 2368 severa
657 2302 780 2368 silentia
801 2304 910 2369 noctis.
954 2305 1011 2370 Ov.
1034 2324 1086 2371 ars
1107 2305 1144 2370 ll.
1166 2310 1237 2372 505.

70 2417 149 2480 hen¹
166 2415 202 2479 ll.
225 2419 300 2504 2¹55:
331 2414 444 2479 tacitae
475 2431 531 2494 per
561 2413 660 2479 amica
691 2413 814 2479 silentia
846 2415 949 2481 lunae.
988 2451 1020 2462 —
1058 2415 1109 2480 VI.
1142 2421 1237 2482 1179:

68 2525 231 2590 mussabat
253 2525 347 2589 tacito
367 2524 516 2588 medicina
540 2524 661 2590 timore.
693 2559 724 2570 —
756 2526 899 2609 Denique
920 2543 971 2590 res
991 2525 1146 2591 hominum
1168 2533 1237 2592 arte

67 2635 167 2700 factae
199 2653 291 2716 saepe
325 2635 483 2698 animatae
521 2632 617 2698 liunt:
650 2634 686 2700 V.
718 2619 815 2701 man:
851 2653 1079 2719 concussaeque
1119 2637 1235 2702 cadunt

68 2746 160 2810 urbes
187 2745 360 2828 dubiaeque
388 2744 554 2807 minantur.
596 2744 632 2808 ll.
654 2747 712 2809 519
735 2763 797 2828 sq:
826 2745 1051 2829 raucisonoque
1077 2748 1236 2823 minantur

66 2873 180 2920 cornua
212 2860 307 2920 cantu
336 2860 367 2918 55
398 2853 532 2934 Phrygio
563 2854 705 2920 stimulat
738 2872 865 2920 numero
896 2873 973 2920 cava
1006 2857 1083 2922 tibia
1115 2859 1236 2924 mentis.

66 2965 117 3030 Ν.
145 2964 223 3030 543:
251 2965 325 3030 tuba
357 2964 464 3044 mugit.
515 2964 567 3030 Ν.
596 2969 670 3029 589;
701 2962 808 3029 fistula
841 2965 1015 3031 silvestrem
1045 2986 1106 3031 non
1137 2975 1237 3034 cesset

67 3074 196 3139 tundere
226 3093 356 3139 musam.
405 3074 455 3140 Ν.
479 3079 555 3140 981:
585 3073 782 3158 chordasque
813 3075 979 3159 loquentis.
1029 3077 1065 3141 ll.
1090 3083 1148 3144 505
1171 3097 1236 3162 sq:

9 3159 10 3230 3
68 3192 100 3250 et
125 3203 238 3267 cycnea
266 3184 344 3251 mele
373 3184 578 3268 Phoebeaque
608 3184 739 3249 daedala
768 3185 892 3251 chordis
921 3193 1058 3252 carmina
1086 3189 1235 3254 consimili

67 3296 187 3360 ratione
209 3313 357 3376 oppressa
379 3295 518 3359 silerent.
546 3329 579 3340 e·
604 3295 674 3359 Alia
698 3293 838 3377 exempla
858 3302 981 3362 exstant
1004 3297 1059 3365 ΙΙΙ.
1078 3304 1152 3365 894:
1175 3300 1235 3364 iam

65 3407 125 3470 iam
147 3424 209 3470 non
230 3405 337 3471 domus
360 3406 491 3487 accipiet
512 3413 543 3469 te
563 3404 657 3469 laeta.
699 3404 752 3471 Ν.
774 3410 830 3470 401
856 3423 921 3490 sq:
949 3409 1030 3472 atria
1059 3411 1180 3475 versari
1201 3417 1234 3474 et

65 3517 178 3580 circum
200 3535 326 3581 cursare
347 3517 505 3581 columnae
526 3534 625 3599 usque
646 3516 724 3582 adeo
746 3515 782 3581 fit
806 3517 853 3581 uti
882 3518 1065 3600 videantur,
1094 3520 1147 3584 uhi
1174 3521 1232 3602 ipsi

65 3625 224 3690 desierunt
244 3627 338 3706 verti,
360 3627 410 3690 vix
432 3633 468 3691 ut
488 3628 548 3690 iam
568 3627 694 3692 credere
715 3629 835 3710 possint
856 3647 915 3694 non
938 3647 1034 3710 supra
1054 3647 1122 3694 sose
1142 3649 1234 3696 ruore

66 3736 168 3800 omnia
195 3741 278 3801 tecta
306 3738 425 3801 minari.
476 3737 510 3801 V.
536 3742 594 3801 308
604 3721 617 3801 :¹
639 3755 701 3801 non
732 3738 862 3804 delubra
890 3739 979 3804 deum
1008 3740 1234 3824 simulacraque

64 3843 145 3910 iessa
166 3844 278 3911 fatisci.
313 3847 360 3911 VI.
376 3854 449 3914 564:
470 3855 714 3933 protractaeque
730 3849 835 3920 trabes
856 3850 1028 3931 inpendent
1038 3852 1083 3916 ire
1094 3858 1232 3932 paratae.

65 3956 99 4018 V.
122 3959 198 4020 312:
228 3956 461 4040 (monumenta)
489 3977 568 4043 quae
597 3959 662 4024 fore
684 3979 836 4043 proporro
860 3960 1050 4044 vetitumque
1072 3981 1232 4028 senescere

65 4067 180 4132 credas.
217 4067 269 4132 Ν.
284 4072 357 4131 272:
377 4070 471 4133 ianua
486 4089 554 4134 cum
570 4089 625 4151 per
646 4089 679 4136 se
700 4077 912 4152 transpectum
933 4069 1062 4152 praebat
1082 4079 1232 4153 opertum.

64 4177 111 4243 Vl.
134 4183 191 4243 471
215 4192 283 4262 sq:
312 4178 472 4244 declarant
501 4181 591 4246 litore
617 4187 721 4248 vestes
748 4199 928 4265 suspensae.
981 4184 1017 4249 V·
1042 4188 1136 4252 1293:
1164 4183 1235 4249 inde
