2966 4928
658 353 676 412 5

84 527 139 591 IV.
159 533 220 594 584
241 547 303 611 sq.:
336 529 509 610 querellas,
543 529 619 594 tibia
651 546 730 609 quas
758 528 873 594 1881111.
927 529 979 593 IV.
1001 534 1080 594 539:
1107 525 1243 612 (sermo)

85 639 269 720 praesertim
292 640 318 704 si
341 657 410 704 curn
432 644 582 705 summost
603 639 737 705 clamore
768 640 925 721 profusus.
973 639 1126 705 1115691
1155 636 1244 721 (pars

85 751 210 828 vocum)
231 749 298 814 lata
319 750 402 830 perit
423 749 541 815 frustra
563 749 674 815 diffusa
695 766 752 830 per
773 763 876 815 auras.
911 751 978 815 Val.
1000 750 1024 815 1.
1046 753 1123 814 504:
1142 745 1244 812 fundit

85 876 186 924 voces.
229 859 312 924 VIII.
335 863 392 924 69:
414 861 552 925 carmina
574 860 716 926 lundens.
760 861 835 924 Aen.
853 859 890 925 V.
911 865 990 925 482:
1017 858 1090 925 talis
1112 857 1245 924 effundit

84 986 192 1050 voces3
212 968 255 1032 ib.
276 970 331 1035 111.
355 973 432 1034 344:
460 968 536 1034 talia
556 969 716 1036 fundebat.
767 968 917 1036 Similiter
944 969 1074 1034 verbum
1098 968 1146 1034 his
1169 966 1244 1031 locis

84 1077 258 1144 adhibitum
290 1086 356 1146 est:
387 1081 442 1146 Ill.
474 1085 535 1146 431
565 1098 628 1162 sq.:
666 1082 758 1146 crede
790 1083 925 1146 animam
959 1098 1082 1162 quoque
1115 1077 1244 1144 diffundi

85 1187 246 1269 multoque
261 1192 363 1271 perire
378 1193 464 1257 ocius
478 1198 511 1258 et
522 1192 615 1257 citius
631 1191 758 1256 dissolvi
773 1192 803 1255 in
819 1209 950 1272 corpora
964 1191 1073 1272 prima.
1101 1189 1155 1254 III.
1169 1193 1244 1253 583:

86 1301 240 1364 emanarit
276 1304 323 1366 uti
358 1301 461 1368 furnus
496 1301 610 1368 diffusa
645 1305 767 1367 animae
805 1303 861 1367 vis
917 1303 973 1368 111.
999 1305 1096 1366 1033:
1129 1300 1244 1365 lumine

86 1409 233 1492 adempto
262 1412 404 1478 animam¹
426 1411 611 1477 moribundo
643 1430 773 1492 corpore
800 1411 891 1477 ludit.
941 1411 1166 1478 111340ῑεί8
1196 1430 1243 1492 ea,

87 1537 166 1602 quae
189 1521 310 1587 fructus
331 1541 450 1605 cunque
473 1541 506 1586 es
528 1522 649 1603 periere
677 1521 814 1603 profusa.
865 1523 964 1604 Saepe
993 1523 1186 1604 profundere·
1212 1528 1244 1587 et

87 1629 230 1711 profundi
246 1631 288 1696 ibi
304 1637 416 1713 exstat,
441 1632 494 1697 ubi
515 1637 627 1714 poetae
648 1650 706 1698 usu
729 1632 822 1696 etiam
836 1651 952 1714 creare,
975 1633 1006 1697 in
1028 1634 1153 1699 luminis
1174 1651 1245 1697 oras

88 1741 169 1806 exire
188 1743 263 1822 poni
286 1747 402 1823 posset.
444 1743 480 1806 V.
503 1743 601 1824 224*)
624 1758 688 1824 sq.:
721 1743 942 1824 cumprimum
963 1743 995 1807 iu
1024 1743 1147 1808 luminis
1175 1761 1245 1807 oras

87 1851 210 1916 nixibus
239 1871 277 1916 ex
303 1853 374 1917 alvo
404 1854 512 1918 matris
542 1858 657 1917 natura
678 1852 828 1934 profudit.
871 1853 907 1917 V.
930 1858 991 1918 822
1014 1872 1077 1937 sq.:
1100 1855 1245 1935 quoniam

86 1980 185 2041 genus
204 1961 273 2044 ipsa
293 1964 412 2027 creavit
434 1963 602 2030 humanum
622 1969 719 2045 atque
741 1965 856 2028 animal
877 1983 977 2045 prope
997 1970 1082 2029 certo
1102 1969 1245 2044 tempore

85 2071 294 2153 lantramno,
320 2073 405 2154 quod
426 2073 457 2137 in
480 2075 602 2154 magnis
623 2074 793 2139 bacchatur
816 2074 964 2139 montibu'
985 2077 1113 2156 passim.
1156 2075 1246 2138 Duae

85 2182 232 2247 hocloco
255 2182 481 2265 pulcherrimae
510 2184 731 2249 translationes
763 2183 945 2248 coniunctae
973 2191 1055 2248 sunt.
1108 2185 1145 2247 V.
1168 2188 1245 2248 917:

85 2300 225 2374 tempore
252 2310 313 2374 quo
340 2294 474 2373 primum
507 2293 602 2358 181188
631 2293 777 2358 animalia
807 2292 895 2358 fudit.
923 2295 972 2358 Ἰ.
995 2298 1072 2358 351:
1103 2300 1246 2358 crescunt

87 2402 218 2468 arbusta
239 2403 373 2466 8118188
395 2404 427 2465 in
449 2408 588 2484 tempore
608 2402 751 2468 fundunt.
781 2406 806 2469 Ι.
831 2409 889 2467 174
910 2423 969 2484 sq.:
989 2410 1155 2484 praeterea
1176 2421 1244 2467 curn

87 2511 461 2592 1818188881,118818818
485 2512 595 2594 calore,
618 2514 696 2578 vites
716 2525 866 2578 autumno
886 2512 974 2577 fundi
996 2564 1001 2576 .
1025 2563 1031 2576 .
1055 2513 1246 2578 ,1111818881

86 2624 177 2704 Apud
199 2623 377 2687 Ciceronem
401 2622 489 2687 Tusc.
514 2623 551 2684 V.
574 2623 781 2703 371egimus:
813 2642 915 2705 neque
944 2629 993 2690 est
1022 2624 1133 2702 ullum,
1163 2620 1245 2704 quod

86 2753 147 2798 nou
177 2735 222 2798 ita
238 2733 356 2814 algeat,
379 2738 415 2798 ut
436 2737 493 2796 aut
512 2731 605 2798 llores
627 2740 685 2798 aut
706 2733 813 2814 fruges
834 2733 946 2799 fundat
965 2740 1021 2798 aut
1044 2735 1145 2798 bacas.
1169 2734 1243 2796 Aen.

25 2834 28 2842 ’
85 2843 168 2908 VIlI.
191 2849 248 2907 138
270 2862 331 2925 sq.:
360 2843 454 2907 Vobis
486 2843 660 2907 Mercurius
689 2848 780 2924 pater
807 2849 856 2908 est
886 2862 977 2925 quem
1002 2844 1134 2908 candida
1161 2843 1245 2906 Maia

87 2952 235 3033 Cyllenae
264 2953 367 3032 gelido
396 2959 575 3033 conceptum
607 2954 722 3018 vertice
750 2953 839 3018 ludit.
888 2953 937 3018 Ad
965 2955 1124 3035 propriam
1152 2955 1246 3034 sigul-

85 3063 261 3127 ficationem
292 3065 391 3144 magis
421 3063 566 3143 inclmat,
596 3063 678 3146 quod
705 3064 746 3129 Il.
771 3069 829 3126 114
850 3081 896 3144 sq.
920 3071 1039 3132 exstat:
1073 3083 1141 3128 cum
1171 3062 1245 3126 solis

85 3173 202 3236 lumina
242 3191 372 3254 cumque
412 3174 521 3238 inserti
559 3173 695 3238 fundunt
733 3173 811 3236 radii
848 3191 903 3253 per
941 3191 1038 3254 opaca
1075 3175 1246 3236 domorum.

85 3283 138 3346 VI.
162 3289 237 3348 210:
264 3284 390 3362 (nubes)
412 3289 448 3349 ut
470 3335 477 3347 .
499 3331 506 3344 .
527 3331 534 3344 .
556 3285 690 3347 rubeant
718 3284 866 3364 ignesque
897 3283 1098 3363 perfundant.
1141 3282 1246 3362 Gomp.

85 3396 161 3459 Aen.
193 3395 260 3458 Vll.
286 3399 359 3457 122:
397 3394 525 3474 agmina
560 3412 593 3456 88
629 3392 763 3458 fundunt
797 3394 905 3474 portis.
963 3393 1030 3458 Val.
1054 3394 1077 3457 I.
1101 3398 1161 3456 618
1182 3409 1246 3471 sq.:
1335 3413 1342 3426 ·

84 3505 222 3568 fundunt
253 3522 287 3568 se
318 3523 442 3568 carcere
473 3503 547 3567 laeti
578 3503 716 3567 Thraces
745 3505 825 3583 equi.
856 3538 895 3550 —
928 3504 999 3567 8118
1030 3501 1246 3566 translationis

85 3614 225 3694 exempla
254 3619 382 3678 exstant
410 3613 434 3678 1.
466 3619 505 3678 38
534 3631 595 3693 sq.:
624 3613 707 3677 hunc
735 3619 786 3693 tu,
818 3613 907 3693 diva,
937 3622 991 3677 tuo
1016 3612 1246 3676 recumbentem

84 3743 214 3806 corpore
226 3731 335 3790 sancto
348 3723 535 3789 circumfusa
555 3741 660 3803 super.
694 3722 797 3802 Oomp.
811 3723 878 3786 Liv.
895 3723 977 3787 VIII.
993 3728 1044 3786 35:
1066 3721 1246 3802 degressum

84 3852 154 3899 eum
176 3834 361 3899 circumfusi.¹
404 3833 460 3898 Ov.
482 3838 555 3898 met.
578 3831 632 3896 IV.
657 3837 691 3912 3,
715 3836 753 3896 δε
782 3839 815 3896 81
835 3851 918 3897 8888
938 3833 996 3898 1188
1017 3831 1136 3908 iuveni,
1164 3848 1247 3896 nunc

84 3943 339 4010 circumfunditur
366 3943 446 4008 illac.
467 3943 507 4008 ib.
529 3943 612 4008 XIV.
635 3949 669 4021 5,
697 3947 750 4006 85:
781 3942 921 4024 collaque
950 3941 1091 4024 parentis
1116 3942 1247 4006 circum-

83 4051 232 4118 1888881.
275 4055 350 4118 Aen.
374 4053 456 4118 VIII.
480 4057 540 4117 406
549 4076 562 4116 :¹
586 4053 722 4132 coniugis
751 4051 871 4115 inlusus
893 4053 1022 4130 gremio,
1046 4087 1084 4096 -
1107 4052 1199 4115 Lucu.
1220 4051 1245 4115 Ι.

85 4167 125 4227 88
145 4181 206 4244 sq.:
229 4164 277 4228 cui
299 4162 390 4228 simul
411 4161 1246 4242 1818181118188888118888818888181888118118888
