2966 4928
648 347 687 406 37

79 524 120 587 sic
136 525 345 604 montivagum
361 539 457 602 genus
474 538 541 585 esse
556 519 700 601 ferarum,
720 520 764 585 sic
785 520 942 584 hominum
964 521 1099 601 genitam
1122 521 1249 601 prolem,

80 634 120 698 sic
155 633 287 717 denique
325 637 426 697 mutas
465 631 694 714 squamigerum
731 631 865 713 pecudes
902 637 934 696 et
970 649 1100 711 corpora
1138 634 1248 694 cuncta

19 787 20 792 κ
79 742 241 806 volantum.
276 741 297 806 Ι.
323 745 414 807 1015:
438 760 492 805 nec
514 740 645 804 mortale
666 758 764 821 genus
786 759 842 806 nec
864 741 964 804 divom
986 757 1116 820 corpora
1139 741 1248 802 sancta

79 881 116 906 =
140 871 195 918 nec
216 852 353 917 homines
383 869 437 916 nec
463 849 502 914 di.
552 849 589 913 V.
612 855 687 915 ool:
711 868 843 932 corpora
861 849 947 914 fulva
966 849 1087 914 leonum
1109 877 1149 902 =
1172 846 1247 911 fulvi

19 969 20 1040 ξ
78 965 187 1028 leones.
229 962 330 1028 Multa
352 967 497 1044 praterea
517 959 657 1042 exempla
677 961 789 1025 afferre
811 959 940 1041 longum
963 969 1027 1042 est;
1045 960 1100 1024 alii
1121 975 1246 1043 quoque

19 1049 21 1072 ⁶
78 1075 241 1155 scriptores
263 1073 309 1136 ita
328 1072 645 1153 circumscripserunt:
668 1071 761 1151 Verg.
774 1088 878 1150 georg.
899 1070 938 1134 ill
964 1075 1038 1136 264:
1062 1087 1160 1150 genus
1176 1085 1247 1134 acce

79 1184 215 1264 leonum3
241 1181 281 1247 ib.
303 1183 485 1266 ll.l÷'›lsq.:
505 1199 597 1246 saeva
619 1180 741 1246 leonum
763 1182 889 1246 semina.
1216 1259 1222 1276 ἱ

19 1263 21 1288 ’
159 1292 345 1374 Saepissime
376 1293 423 1356 vis
458 1309 590 1355 nomem
608 1295 702 1372 poeta
733 1292 764 1356 iu
798 1291 1080 1372 circumscriptione
1112 1288 1247 1354 adhibet.

78 1404 125 1468 ΠΙ.
149 1408 166 1465 7
189 1421 253 1486 sq.:
273 1407 330 1466 aut
352 1402 520 1484 quidnam
543 1400 685 1465 tremulis
707 1399 809 1466 iacere
831 1403 961 1467 artubus
981 1401 1070 1466 hoedi
1093 1399 1248 1465 consimile

78 1516 108 1578 in
131 1531 224 1578 cursu
247 1512 369 1593 possint
397 1517 429 1575 et
456 1511 547 1576 fortis
576 1511 647 1594 equi
676 1512 745 1576 vis?
793 1513 842 1580 ΠΙ.
868 1517 942 1576 tol:
971 1531 1027 1576 nec
1051 1519 1117 1585 tam
1138 1510 1247 1575 doctus

78 1641 176 1708 cquae
197 1622 299 1704 pullus
319 1639 411 1704 qnam
441 1620 530 1685 lortis
558 1621 628 1704 equi
655 1621 711 1685 vis,
760 1621 808 1686 Vl.
835 1626 929 1686 1222:
957 1620 1020 1686 fida
1051 1639 1161 1687 canum
1191 1620 1247 1685 vis.

77 1735 123 1798 lV.
153 1738 214 1798 680
234 1750 295 1816 sq.:
333 1737 398 1796 tum
435 1730 508 1795 lissa
544 1729 678 1794 ferarum
712 1731 829 1811 ungula
865 1749 925 1815 quo
962 1731 1069 1795 tulerit
1104 1747 1246 1810 gressum

77 1843 227 1925 permissa
257 1859 366 1906 cauum
399 1842 444 1906 vis
476 1839 558 1906 dicit.
617 1839 652 1902 V.
675 1843 748 1904 964:
779 1841 914 1906 violenta
944 1841 1001 1905 viri
1032 1842 1087 1905 vis.
1140 1839 1246 1920 Oomp.

79 1955 152 2017 Aen.
180 1951 229 2016 IV.
260 1955 337 2016 132:
368 1952 466 2016 odora
497 1967 606 2016 cauum
638 1949 694 2012 vis.
747 1950 814 2014 Val.
842 1951 889 2016 111.
920 1955 975 2015 86:
1010 1952 1054 2014 ris
1090 1951 1247 2030 Achivum,

77 2063 122 2126 Vl.
146 2067 219 2126 683:
243 2061 290 2125 vis
311 2061 430 2127 ducum.
453 2097 490 2107 -
511 2061 558 2125 lll.
585 2066 643 2126 170
665 2079 729 2144 sq.:
760 2061 910 2125 siminus
933 2059 1061 2126 offendit
1082 2061 1177 2124 vitam
1200 2060 1247 2124 vis

20 2239 21 2248 .
76 2173 199 2236 horrida
231 2171 283 2236 teli
314 2171 434 2236 ossibus
464 2189 501 2235 ac
533 2171 634 2236 nervis
668 2171 809 2236 disclusis
843 2171 927 2235 intus
961 2171 1081 2235 adacta.
1134 2170 1169 2234 V.
1191 2175 1246 2234 28:

77 2283 247 2363 tripectora
276 2279 466 2362 tergemini
501 2282 547 2346 vis
576 2282 742 2363 Geryonai.
801 2282 822 2345 l.
846 2287 919 2345 271:
955 2283 1039 2346 venti
1068 2281 1115 2345 vis
1142 2283 1246 2346 incita.

77 2392 110 2454 V.
140 2395 234 2454 1226:
264 2391 309 2454 vis
332 2391 458 2455 violenti
480 2409 537 2471 per
557 2410 643 2456 mare
663 2391 757 2455 venti.
810 2391 858 2454 Vl.
882 2395 940 2456 529
963 2410 1025 2475 sq.:
1055 2392 1156 2455 omnia
1185 2391 1247 2472 uix,

75 2501 169 2582 venti,
193 2501 311 2581 grando
333 2500 517 2585 gelidaeque
537 2502 669 2583 pruinae
691 2507 724 2566 et
744 2500 790 2565 vis
812 2519 927 2582 magna
948 2503 1017 2582 geli.
1051 2503 1100 2565 Vl.
1116 2507 1171 2564 145
1184 2517 1245 2584 sq.:

76 2610 126 2674 ubi
154 2629 171 2674 e
203 2611 276 2674 nubi
307 2611 337 2674 in
369 2611 480 2675 nubem
515 2611 560 2674 vis
593 2611 702 2674 incidit
724 2611 840 2674 ardens
874 2609 1018 2676 fulminis.
1075 2613 1124 2676 Vl.
1152 2614 1245 2674 1225:

77 2720 283 2803 extorquebat
316 2721 395 2784 enim
426 2721 521 2783 vitam
553 2720 598 2784 vis
628 2719 768 2783 morbida
801 2720 954 2784 membris.
1003 2723 1038 2786 V.
1062 2721 1158 2800 207·*)
1182 2738 1245 2801 sq.:

77 2831 120 2894 vis
157 2828 294 2892 humana
465 2833 615 2893 consueta
650 2829 766 2894 bidenti
803 2831 968 2910 ingemere.
1023 2831 1058 2896 ΙΙ.
1090 2835 1164 2894 215:
1200 2829 1246 2892 vis

76 2936 407 3002 flammea=flamma
450 2939 497 3002 ΙΙΙ.
522 2942 598 3001 397:
619 2938 757 3022 (animus
778 2939 843 3021 est)
862 2939 1070 3004 dominantior
1088 2941 1127 3004 ad
1150 2940 1244 3004 vitam

77 3066 167 3130 quam
183 3048 228 3112 vis
244 3049 363 3112 animai.
393 3050 415 3112 l.
429 3053 483 3113 72:
505 3065 578 3127 ergo
596 3047 696 3111 vivida
711 3049 757 3113 vis
777 3050 869 3113 animi
892 3051 1029 3131 pervicit.
1063 3051 1097 3113 V.
1111 3055 1168 3122 397
1183 3067 1245 3133 sq.:

76 3159 143 3222 avia
166 3176 233 3237 cum
250 3149 449 3222 Phaethonta
472 3177 569 3239 rapax
588 3159 635 3222 vis
651 3158 725 3223 solis
740 3177 891 3242 equorum
904 3166 978 3238 otc.;
1001 3159 1036 3223 ci.
1054 3159 1100 3224 ΙΙΙ.
1113 3164 1173 3224 476
1185 3177 1245 3242 sq.:

77 3266 225 3331 hominem
255 3287 323 3332 cum
354 3267 416 3332 vini
447 3269 493 3332 vis
513 3269 692 3350 penetravit
718 3269 808 3333 acris.
857 3269 902 3333 ΙΙΙ.
927 3274 999 3333 583:
1023 3271 1177 3334 cnranarit
1201 3269 1247 3335 uti

76 3375 175 3441 lomus
208 3376 319 3442 diffusa
353 3378 474 3441 animae
509 3380 565 3442 vis.
626 3381 648 3444 l.
679 3384 734 3443 72:
765 3380 870 3444 vivida
902 3380 948 3443 vis
980 3380 1073 3444 animi
1107 3380 1247 3460 pervicit.

75 3487 119 3550 ΙΙΙ,
142 3491 218 3552 746;
238 3489 284 3552 vis
305 3486 398 3551 animi
417 3489 536 3568 pariter
557 3491 669 3554 crescit
689 3508 755 3556 cum
778 3508 905 3570 corpore
926 3495 1002 3554 toto.
1048 3491 1081 3553 V.
1105 3495 1177 3554 560:
1200 3491 1247 3554 vis

76 3598 208 3677 animae,
242 3615 321 3682 quae
352 3597 489 3661 membra
524 3599 688 3678 gubernat.
741 3600 776 3664 V.
803 3604 861 3664 557
883 3618 947 3682 sq.:
984 3600 1166 3664 tenuissima
1200 3601 1247 3666 vis

76 3707 201 3784 animai,
233 3712 398 3786 propterea
427 3707 501 3790 quia
534 3713 599 3772 tam
634 3711 797 3773 coniuncta
830 3716 924 3792 atque
953 3709 1056 3773 uniter
1084 3716 1158 3790 apta
1188 3716 1245 3776 est.

76 3815 121 3879 Vl.
147 3820 242 3880 1001:
265 3832 359 3880 causa
381 3824 455 3897 pate
477 3815 547 3896 fiet,
580 3835 660 3900 qnae
682 3817 756 3882 ferri
776 3818 913 3901 pelliciat
942 3819 1012 3882 vim.
1041 3857 1082 3866 -
1112 3820 1247 3886 Pluralis

76 3943 196 4008 quoque
230 3925 275 3988 ita
307 3903 475 4006 usurpatur
505 3927 729 4011 v.1aoosq.:
760 3945 816 3990 nec
849 3927 950 3992 minus
985 3935 1115 4008 argento
1145 3929 1247 3996 lacere

19 4117 20 4120 Ἴ
76 4032 145 4100 haec
179 4053 320 4117 arrroque
353 4034 510 4116 parabant
541 4055 633 4119 quam
667 4036 762 4102 validi
794 4037 927 4117 primum
958 4037 1099 4103 violentis
1132 4039 1247 4104 viribus

19 4169 21 4206 t
75 4145 161 4208 aeris.
198 4179 233 4192 ·-
268 4143 384 4210 Eodem
420 4145 510 4210 modo
543 4147 636 4212 etiam
673 4152 803 4212 naturae
842 4147 963 4210 nomine
999 4153 1093 4231 poeta
1128 4149 1245 4215 utitur:
