2966 4928
649 377 685 439 15

82 555 187 641 Gomp.
199 555 256 622 Or.
268 555 372 625 tristia
384 556 442 622 ΙΙΙ.
454 561 529 621 433:
551 555 630 638 pede
644 552 793 620 inoffenso
815 553 950 635 spatium
974 554 1137 620 decurrere
1155 558 1247 624 vitae.

81 665 143 734 Cio.
167 665 258 734 Tusc.
280 663 305 736 I.
327 669 359 731 5:
380 683 462 732 nunc
483 665 570 732 rides
593 665 720 746 calcem,
741 664 783 730 ad
805 680 898 747 quom
919 682 989 730 cnm
1011 663 1052 729 sit
1074 665 1249 748 decursum,

80 775 157 844 nihil
186 780 354 859 praeterea
383 776 427 844 sit
456 775 728 842 extimescendum.
759 810 797 821 -
829 774 852 839 I.
882 779 958 840 447:
992 792 1048 841 neo
1077 793 1159 857 quae
1189 778 1248 844 sub

80 904 192 957 sensus
220 886 314 956 cudat
342 886 407 953 ullo
436 892 575 968 tempore
604 891 741 952 nostros.
781 883 834 950 IV.
858 888 952 951 1049:
983 903 1116 969 namque
1144 906 1249 954 omnes

79 995 261 1080 plerumque
295 996 414 1065 cadunt
447 997 478 1062 in
514 995 635 1062 vulnus.
689 996 730 1061 ll.
761 999 853 1061 1165:
888 995 919 1062 io
950 1012 1070 1064 cassum
1101 1017 1248 1069 manuum

79 1105 228 1174 cecidisse
255 1105 389 1172 labores.
439 1106 476 1172 V.
500 1110 560 1171 328
581 1124 641 1189 erp:
673 1110 722 1174 tot
750 1105 834 1171 iacta
855 1105 954 1170 virum
976 1107 1091 1174 totiens
1112 1111 1249 1178 cecidere

80 1234 183 1299 neque
202 1235 332 1300 usquam
351 1217 486 1283 aeternis
508 1215 610 1285 famae
629 1215 826 1282 monimentis
852 1215 948 1282 insita
965 1215 1087 1283 florent.
1100 1255 1139 1266 -
1150 1222 1175 1287 l.
1196 1227 1246 1287 11:

77 1331 112 1393 et
140 1333 280 1394 reseratu
310 1328 394 1409 viget
422 1326 568 1408 genitalis
596 1344 675 1396 aura
701 1324 814 1391 favoni.
864 1324 921 1392 Or.
944 1324 1016 1392 fast.
1039 1329 1078 1394 lI.
1106 1335 1166 1395 453
1187 1349 1248 1414 sq.:

78 1441 111 1505 et
132 1455 189 1512 sex
207 1442 348 1510 reseratu
370 1437 482 1512 dicbus
497 1437 630 1503 carceris
646 1434 747 1502 Aeolii
762 1436 857 1502 ianua
877 1434 949 1502 laxa
968 1441 1066 1518 patet.
1101 1438 1249 1506 Similiter

79 1547 225 1617 Valerius
254 1547 279 1614 L
307 1551 366 1614 655
400 1547 540 1629 scripsit:
570 1546 696 1614 emicuit
723 1549 864 1612 reserata
895 1547 970 1613 dies.
1002 1583 1042 1595 —
1074 1547 1249 1617 Procudere

78 1658 206 1741 saepius
220 1657 423 1726 transfertur:
444 1656 484 1722 ll.
501 1661 593 1722 lllb:
614 1661 647 1722 et
657 1655 760 1738 ignem
773 1655 862 1737 ignes
872 1658 1049 1739 procudunt
1060 1659 1248 1744 aetheraque

78 1767 207 1844 aether:
226 1766 325 1834 verba
346 1767 563 1836 antecedentia
584 1769 676 1832 sunt:
704 1769 829 1832 terreno
857 1784 993 1848 corpore·
1016 1774 1102 1834 terra
1128 1772 1248 1855 crescit,

78 1880 187 1959 itaque
205 1879 376 1960 procudere
395 1876 445 1942 hic
466 1875 615 1958 gignendi
636 1893 760 1942 sensum
781 1874 886 1958 habet,
905 1881 942 1942 ut
959 1879 1094 1960 saepius.
1125 1881 1162 1946 V.
1174 1886 1249 1949 850:

77 1987 282 2070 propagando
314 1986 485 2069 procudere
517 1986 635 2070 scccla;
668 1986 705 2052 V.
734 1989 811 2052 856:
843 1988 1047 2068 propagando
1079 1993 1249 2071 procudere

77 2097 207 2180 prolem.
248 2097 504 2165 lll.1081:nec
532 2117 614 2164 nova
642 2097 775 2164 virendo
803 2097 984 2178 procuditur
1012 2097 1076 2164 ulla
1097 2101 1248 2183 voluptas.

79 2244 118 2256 -
141 2207 165 2272 l
188 2211 264 2273 349:
292 2214 325 2275 ct
353 2207 502 2274 uberibus
522 2207 598 2274 flent
620 2207 724 2273 omnia
744 2207 854 2287 guttis.
895 2207 1002 2274 Senec.
1026 2208 1150 2290 Thyest.
1175 2216 1251 2278 702:

77 2320 169 2388 flevit
188 2319 220 2385 in
241 2320 364 2402 templis
383 2319 470 2384 obur.
486 2318 693 2401 -1.6osq.:
709 2318 841 2400 primum
864 2316 978 2384 Graius
999 2320 1089 2385 bomo
1110 2322 1250 2389 mortalis

8 2475 9 2482 .
79 2429 210 2496 tendere
239 2434 350 2496 contra
380 2434 429 2496 est
459 2429 562 2496 oculos
593 2445 689 2494 ausus
718 2428 912 2510 primumque
943 2429 1094 2496 obsistere
1124 2438 1250 2517 contra3

78 2539 221 2608 similiter
242 2540 326 2621 apud
347 2540 414 2605 Lir.
435 2538 490 2603 VI.
515 2542 553 2603 13
575 2542 694 2604 exstat:
721 2556 778 2604 nec
797 2538 946 2604 adversus
968 2540 1166 2609 dictatoriam
1188 2545 1249 2610 vim

8 2663 9 2720 l
77 2655 139 2717 aut
164 2649 281 2718 tribuni
309 2649 408 2731 plebis
439 2654 495 2714 aut
526 2649 593 2730 ipsa
620 2647 708 2729 plebs
738 2647 883 2714 attollere
912 2650 1017 2715 oculos
1046 2657 1103 2718 aut
1130 2653 1250 2722 hiscere

8 2744 9 2784 ⁴
77 2759 250 2826 audebant.
276 2761 368 2841 Verg.
382 2759 458 2825 Aen.
472 2759 508 2824 V.
522 2763 594 2824 508:
615 2758 798 2839 pariterque
812 2758 920 2824 oculos
935 2760 1092 2844 telumque
1105 2763 1249 2835 tetendit.

78 2871 187 2941 Simile
210 2870 383 2952 exemplum
414 2870 497 2951 apud
527 2868 722 2950 Propertium
743 2868 767 2932 1.
792 2860 847 2951 15,
875 2869 915 2934 37
938 2877 1050 2967 exstat.
1078 2909 1117 2920 -
1146 2879 1171 2942 Ι.
1194 2884 1248 2945 74:

79 2989 177 3065 atque
199 2999 288 3047 omne
308 2982 491 3048 immensum
511 2979 693 3063 peragravit
716 2983 819 3044 mente
841 2980 1013 3064 animoque.
1064 2985 1126 3054 dic.
1147 2988 1177 3054 d.
1198 2991 1249 3057 fin.

77 3093 118 3159 11.
152 3097 227 3159 102:
258 3096 363 3157 mente
396 3091 637 3173 peragrauisset.
693 3089 771 3154 Hor.
798 3091 847 3156 od.
874 3090 899 3157 l.
930 3096 984 3176 28,
1016 3101 1051 3162 5:
1086 3099 1250 3185 animoque

78 3203 252 3272 rotundum
279 3202 471 3284 percurrisse
498 3201 601 3284 polum
622 3199 783 3266 morituro.
811 3238 850 3248 —
879 3203 904 3268 I.
926 3209 979 3270 77:
1007 3207 1071 3272 alte
1100 3213 1249 3279 terminus

8 3305 9 3364 Ῡ
78 3316 230 3395 haerens;
260 3313 390 3382 similem
418 3312 469 3379 bic
496 3312 581 3378 locus
609 3310 867 3392 significationem
896 3314 992 3382 habet
1019 3336 1056 3382 ac
1083 3321 1122 3385 ll.
1154 3327 1248 3390 1087:

79 3430 164 3495 ritae
184 3426 333 3508 depactus
356 3425 509 3492 terminus
530 3422 604 3488 alte.
634 3421 711 3488 Aen.
729 3423 782 3490 IV.
796 3426 868 3490 614:
889 3425 941 3492 bic
961 3429 1111 3495 terminus
1132 3431 1249 3503 haeret.

80 3572 120 3586 -
134 3540 160 3604 A
173 3542 298 3604 textura
319 3535 474 3604 translato
494 3541 568 3601 sunt
586 3535 676 3602 baec:
696 3537 809 3601 1.149:
831 3537 959 3601 exordia
980 3545 1091 3605 sumet.
1124 3542 1159 3606 V.
1174 3549 1248 3611 331:

81 3666 181 3731 neque
199 3646 327 3730 pridem
340 3648 470 3714 exordia
490 3646 582 3728 oepit.
625 3647 701 3711 Aeo.
724 3645 778 3712 IV.
800 3650 875 3712 284:
899 3665 978 3728 quac
1000 3648 1101 3730 prima
1124 3655 1249 3720 exordia

81 3764 190 3828 sumat
236 3757 576 3842 dirumpendum)
606 3762 672 3822 tam
700 3760 864 3822 contextae
893 3774 961 3822 cum
990 3759 1063 3826 sint.
1111 3763 1148 3827 V.
1172 3769 1246 3831 389:

81 3869 238 3952 radiisque
265 3874 410 3934 retexens
438 3868 595 3936 aetherius
617 3868 663 3933 sol
677 3896 718 3920 =
735 3865 849 3931 delens.
891 3866 915 3931 1.
938 3873 1014 3933 418:
1045 3878 1080 3937 ut
1107 3880 1247 3956 repetam

83 3986 225 4062 coeptum
253 3984 416 4062 pertexere
447 3979 548 4045 dictis.
583 4018 616 4027 -
645 3997 756 4047 cancre
785 3995 842 4060 pro
871 3995 1020 4044 resonare
1052 3981 1167 4048 dictum
1199 3990 1249 4051 est

81 4092 106 4156 Ι.
129 4095 205 4156 255ε
228 4091 316 4156 novis
338 4088 447 4155 auibus
466 4107 577 4157 canere
600 4090 734 4174 undique
755 4089 860 4154 silvas.
881 4125 921 4136 —
941 4089 989 4154 lll.
1014 4095 1093 4157 298:
1119 4099 1247 4174 pectora

84 4201 135 4282 oui
155 4200 280 4267 iremitu
299 4205 458 4280 rumpunt.
481 4202 558 4266 Aen.
580 4201 643 4267 llll.
663 4205 722 4271 526
743 4219 804 4284 sq.:
824 4217 907 4267 nunc
927 4198 1060 4268 fluctuat
1082 4202 1130 4268 ira
1151 4203 1246 4289 intus,
