2966 4928
803 357 844 420 24

237 536 339 614 terget
368 548 463 596 sonus
493 530 546 595 ille
572 530 688 612 diuque
719 529 851 598 ducitur.
903 533 997 617 Verg.
1018 555 1123 621 georg.
1151 541 1174 607 1.
1197 547 1273 609 357:
1308 546 1412 614 aridus

236 643 310 708 altis
340 640 499 706 montibus
529 641 628 708 audiri
656 641 771 722 fragor.
819 644 911 710 Lucu.
933 646 982 712 VI.
1008 654 1102 717 1175:
1131 653 1200 720 sitis
1230 657 1321 722 arida
1341 662 1363 724 i.
1387 680 1413 724 e.

239 773 318 838 quae
346 771 457 835 corpus
484 753 606 818 aridum
635 753 754 836 reddit3
788 755 861 822 item
891 776 965 823 eure
994 759 1107 842 frigida
1137 763 1210 831 talis
1238 771 1302 849 est,
1335 786 1415 851 quae

236 870 357 930 terrore
393 880 506 944 corpus
540 860 693 952 frigidum
721 867 754 928 et
790 871 968 948 correptum
1008 870 1129 938 reddit:
1164 873 1213 939 1v.
1243 880 1321 942 1059
1350 896 1411 962 sq.:

177 1031 180 1038 .
236 975 367 1058 primum
399 973 528 1037 Veneris
560 971 730 1038 dulcedinis
762 974 793 1038 in
820 992 873 1040 cor
903 976 1035 1043 stillavit
1064 986 1173 1065 gutta,
1201 990 1233 1050 et
1264 990 1415 1055 successit

237 1087 350 1168 frigida
372 1102 454 1152 cura.
501 1084 552 1150 ΠΙ.
575 1089 653 1151 299:
682 1090 717 1149 at
739 1089 869 1150 ventosa
890 1091 988 1169 magis
1011 1108 1168 1158 cervorum
1191 1092 1306 1178 frigida
1328 1117 1414 1165 mens

237 1206 295 1265 est.
346 1196 394 1275 lll.
419 1199 496 1260 930:
528 1193 643 1276 frigida
670 1213 761 1278 quern
790 1197 884 1262 semel
914 1204 963 1264 est
991 1200 1068 1266 vitai
1100 1221 1200 1284 pausa
1229 1212 1345 1274 secuta.
1376 1246 1414 1256 —

235 1310 269 1374 ll.
301 1311 378 1373 625:
409 1305 573 1370 munificat
603 1305 702 1370 tacita
733 1306 873 1372 morulis
904 1314 993 1374 muta
1026 1311 1136 1378 salute.
1191 1313 1259 1380 Vel.
1282 1317 1317 1382 11.
1342 1323 1414 1385 100:

238 1420 354 1486 tacitae
376 1417 511 1482 Martem
535 1421 664 1481 tenuere
687 1421 825 1498 catenae,
845 1415 866 1482 i.
879 1435 906 1483 e.
929 1416 1036 1484 furtim
1056 1428 1195 1507 paratae.
1220 1459 1258 1472 -
1280 1427 1332 1494 VI.
1357 1433 1415 1494 152

236 1535 357 1596 exstat:
379 1529 564 1594 lauricomos
586 1543 641 1609 per
660 1526 773 1591 montis
797 1563 835 1574 -
856 1527 905 1593 IV.
928 1533 1004 1595 460:
1028 1548 1137 1597 severe
1157 1533 1282 1600 silentia
1303 1541 1415 1606 noctis,

234 1678 274 1689 -
302 1641 351 1706 ΙΙΙ.
377 1643 431 1704 12:
460 1655 555 1703 aurea
584 1637 669 1702 dicta
690 1637 709 1702 i.
733 1656 759 1703 e.
782 1639 1038 1719 praeclarissima.
1069 1679 1108 1689 —
1140 1644 1294 1713 lv.173:
1326 1656 1417 1716 atrae

233 1755 424 1835 formidinis3
452 1752 523 1817 aliis
552 1752 628 1818 locis
650 1757 754 1817 exstat
775 1757 847 1818 atra
868 1772 937 1818 nox.
972 1792 1005 1800 -
1036 1755 1086 1822 lV.
1112 1762 1170 1822 582
1193 1777 1257 1844 sq.:
1280 1780 1415 1844 quorum

233 1869 398 1948 noctivago
434 1863 569 1948 strepitu
603 1864 740 1948 ludoque
776 1866 888 1932 iocanti
924 1866 1085 1937 affirment
1124 1872 1217 1954 vulgo
1254 1876 1416 1943 taciturna

233 1978 356 2044 silentia
385 1977 498 2058 rumpi3
529 1976 670 2042 similiter
700 1982 804 2042 exstat
833 1978 869 2044 V.
892 1984 966 2045 932:
997 1981 1158 2064 volvivago
1191 2033 1291 2052 ....
1325 2006 1414 2052 more

234 2091 381 2156 ferorum.
402 2126 443 2136 -
465 2089 514 2154 Vl.
538 2093 599 2154 204
622 2106 684 2170 sq.:
711 2088 770 2155 hae
791 2091 885 2155 etiam
916 2091 953 2156 fit
973 2093 1018 2158 uti
1042 2093 1082 2158 de
1105 2113 1197 2160 causa
1217 2097 1338 2162 mobilis
1361 2098 1416 2162 ille

234 2200 360 2266 devolet
390 2200 421 2264 in
454 2205 572 2263 terram
604 2198 714 2280 liquidi
745 2198 828 2264 color
860 2219 975 2268 aureus
1008 2204 1106 2284 ignis,
1137 2222 1200 2286 quo
1230 2205 1299 2273 loco
1332 2207 1415 2273 duas

231 2315 454 2399 pulcherrimus
470 2312 690 2378 translationes
706 2313 887 2378 coniunctas
906 2312 1069 2396 habemus3
1093 2316 1267 2398 »liquidus«
1287 2319 1415 2400 saepius

233 2425 430 2493 transfertur.
466 2423 516 2488 IV.
540 2428 616 2488 981:
637 2422 790 2504 liquidum
813 2441 945 2488 carmen.
979 2426 1015 2491 V.
1036 2429 1112 2492 281:
1133 2426 1283 2508 liquidum
1300 2428 1416 2495 lumen.

226 2537 286 2603 VI.
304 2534 415 2617 638*):
435 2550 498 2634 qua
524 2533 574 2598 via
596 2537 683 2597 secta
705 2532 800 2598 semel
822 2532 941 2614 liquido
962 2534 1041 2614 pede
1063 2533 1177 2601 detulit
1196 2538 1306 2604 nudas.
1329 2573 1370 2585 -

660 2837 708 2904 ne
736 2837 984 2923 prosopopoeia.

314 2978 500 3062 Saepissime
512 2977 679 3042 Lucretius
690 2975 750 3042 hoo
763 2982 854 3059 tropo
874 2978 985 3060 utitur,
1006 2997 1076 3043 cunr
1099 2983 1146 3043 tot
1168 2979 1245 3044 locis
1268 2981 1300 3048 id
1324 2985 1410 3066 quod

230 3091 330 3156 vitam
352 3104 505 3168 voconius
528 3087 622 3152 rebus
644 3091 775 3152 naturae
797 3088 977 3154 absterrere
999 3088 1144 3154 videatur
1166 3095 1303 3172 etcum,
1325 3093 1409 3172 quod

231 3202 273 3266 ad
295 3199 326 3265 id
349 3205 470 3280 tompus
492 3197 646 3263 creditum
671 3203 749 3278 erat,
772 3198 847 3263 deos
868 3196 1033 3263 fluviorum
1051 3203 1084 3263 et
1101 3199 1249 3264 montium
1265 3201 1408 3283 aliosque

230 3333 313 3395 esse,
327 3318 443 3394 neget.
486 3311 623 3377 Lucretii
646 3311 728 3374 eninr
761 3311 916 3375 sententia
939 3311 1042 3375 omnia
1064 3329 1101 3374 ex
1123 3311 1235 3376 atoruis
1259 3316 1408 3376 coustant

214 3433 262 3492 ‘et
283 3445 309 3490 e.
330 3441 378 3504 gr.
405 3423 437 3488 iu
465 3422 634 3504 uideritne,
666 3440 746 3503 quae
774 3427 838 3486 tam
868 3440 962 3503 saepe
991 3422 1031 3487 ab
1059 3441 1095 3487 eo
1117 3423 1312 3504 animantur,
1340 3426 1406 3492 vite

229 3556 292 3603 uon
314 3538 403 3603 inest.
436 3535 625 3617 saepissime
640 3542 744 3600 tamen
760 3535 864 3616 rebus
888 3554 967 3617 quae
990 3536 1021 3599 in
1044 3541 1254 3616 naturasunt,
1273 3533 1403 3600 affectus

229 3657 261 3716 et
278 3648 428 3730 actiones
458 3647 609 3712 humanas
640 3645 758 3711 tribuit.
816 3647 836 3711 I.
861 3651 919 3712 286
942 3664 1005 3728 sq.:
1041 3646 1087 3712 ita
1116 3664 1229 3728 magno
1260 3644 1402 3710 turbidus

229 3758 320 3826 imbri
349 3756 480 3823 molibus
507 3756 656 3841 incurrit,
688 3756 798 3822 validis
831 3776 899 3824 cunr
928 3758 1063 3839 viribus,
1097 3758 1206 3824 amnis.
1264 3756 1302 3823 V.
1325 3762 1401 3824 386:

229 3886 335 3934 omnes
365 3915 373 3930 .
396 3918 431 3933 ..
458 3867 623 3932 ninantur.
671 3866 708 3932 V.
730 3873 789 3933 945
812 3884 866 3948 sq:
889 3867 1003 3933 sedare
1025 3867 1108 3932 sitim
1129 3866 1215 3932 fluvii
1235 3866 1401 3950 fontesque

228 3977 396 4058 vocabant,
426 3981 462 4041 ut
490 3993 574 4042 nunc
595 3976 752 4042 montibus
774 3994 791 4041 e
812 3976 934 4057 magnis
956 3975 1104 4042 decursus
1126 3975 1220 4057 aquai
1241 3975 1402 4058 clarigitat

224 4088 289 4154 late
309 4087 448 4154 sitientia
469 4087 573 4153 saecla
594 4088 737 4154 ferarum.
766 4087 815 4153 Ad
829 4087 1001 4154 notandum
1021 4092 1070 4154 est
1089 4087 1148 4152 hoc
1169 4085 1245 4168 loco,
1265 4085 1400 4167 primurn

226 4198 428 4268 Ritachelium
455 4216 587 4280 eumque
607 4204 738 4284 secutos
758 4199 837 4267 alios
860 4198 1056 4281 ›clarigitato
1079 4197 1262 4281 repudiare3
1283 4196 1399 4262 Munro
