2966 4928
798 401 837 462 18

225 574 271 639 nis
299 580 332 640 et
361 575 512 644 fervorem
540 576 652 643 mirum
680 575 846 644 concinnat
875 577 908 644 in
937 576 1038 650 undis.
1089 581 1141 652 VI.
1166 587 1264 647 1118:
1291 583 1403 651 narina

225 685 387 753 concinnat
398 686 429 752 id
442 705 505 752 aar.
518 723 558 734 -
570 687 618 755 III.
636 691 714 754 1937
729 705 774 769 sq.
790 686 1021 769 elegantissime
1043 694 1137 770 poeta
1157 691 1247 762 dicit:
1268 709 1401 773 quorum

224 813 306 864 unus
335 796 490 864 Homerus
520 801 644 879 sceptra
671 796 792 878 potitus
814 797 922 870 eadem
943 796 1014 863 aliis
1045 799 1156 881 sopitn’
1184 800 1332 882 quietest.
1362 836 1401 847 -

223 905 262 970 V.
287 910 383 971 1290:
413 905 540 972 vulnera
560 910 651 972 vasta
673 907 829 972 serebant.
852 941 892 956 —-
913 907 949 972 Π.
970 910 1048 975 329:
1078 913 1111 974 et
1130 909 1244 978 circum
1266 910 1402 981 volitant

223 1016 352 1098 equites.
400 1017 434 1082 Π.
464 1021 543 1083 213;
572 1017 677 1108 191919
708 1035 764 1098 per
795 1017 910 1086 imbres
939 1017 1068 1084 fulmina
1098 1020 1198 1086 cernis
1246 1021 1298 1086 IV.
1324 1027 1401 1089 390:

223 1127 363 1208 velisque
385 1129 533 1194 volamus.
584 1129 633 1194 Vl.
662 1133 739 1194 559:
760 1147 821 1194 vox
843 1181 850 1196 .
872 1175 880 1191 .
907 1180 914 1193 .
937 1129 1011 1200 dum
1032 1131 1210 1199 transvolat
1231 1149 1336 1198 auras.
1359 1169 1400 1180 -

222 1239 257 1303 Π.
280 1241 354 1302 627;
377 1238 572 1320 ninguntque
593 1256 735 1304 rosarum
756 1238 885 1310 fioribus
898 1269 939 1294 =
952 1257 1043 1306 rosas
1063 1258 1180 1322 magna
1200 1241 1400 1309 multitudine

222 1354 383 1428 spargunt.
401 1383 435 1393 --
451 1348 473 1414 1.
488 1353 563 1414 401:
581 1347 673 1417 fidem
687 1348 778 1417 dictis
794 1349 964 1415 conradere
974 1377 1015 1404 =
1025 1367 1144 1416 summo
1158 1349 1264 1416 labore
1278 1369 1399 1432 parare.

439 1657 470 1722 b.
515 1657 811 1727 Translationes
840 1657 1179 1728 substantivorum.

302 1796 489 1878 Saepissime
510 1794 598 1862 nobis
612 1796 750 1861 occurrit
764 1795 889 1862 moenia
904 1796 1023 1877 mundi,
1043 1797 1091 1861 ita
1105 1796 1143 1862 V.
1159 1801 1232 1879 3713
1253 1796 1288 1862 II.
1304 1799 1397 1877 10453

167 1921 169 1924 ·
223 1905 416 1970 flammarum
448 1906 569 1970 moenia
596 1907 618 1970 1.
648 1909 735 1970 1102.
791 1905 832 1971 Hi
868 1910 942 1971 suut
968 1904 1046 1970 fines
1075 1904 1200 1988 mundi,
1231 1906 1297 1987 quii
1313 1905 1398 1986 ignei

221 2015 442 2096 cogitabantur
462 2021 561 2080 totum
582 2016 688 2082 mundi
710 2014 815 2081 orbem
837 2014 1074 2084 circumdantes.
1108 2049 1142 2060 ‹-
1173 2014 1249 2084 Item
1272 2014 1398 2084 foedera

219 2125 344 2188 naturai
365 2126 489 2206 saepius
512 2124 834 2206 invenimus=iages
857 2125 1028 2190 naturales.
1070 2125 1091 2190 I.
1114 2129 1184 2191 586.
1206 2125 1241 2190 ll.
1264 2130 1324 2190 254
1344 2145 1397 2190 ex-

218 2239 301 2299 stat:
323 2235 408 2315 quod
430 2233 486 2298 fati
506 2234 634 2299 foedera
655 2241 790 2316 rumpat.
812 2269 852 2280 -
875 2234 1004 2313 Saepius
1025 2252 1174 2301 cacumen
1197 2234 1397 2316 transfertur,

218 2349 263 2411 ita
278 2352 336 2411 ut·
359 2347 451 2411 finem
484 2365 663 2428 supremum
697 2346 745 2411 vel
776 2347 871 2412 imum
901 2351 935 2410 ot
960 2350 1067 2426 partes
1099 2345 1240 2411 minimas
1274 2345 1396 2427 saepius

218 2456 381 2538 significet.
422 2460 442 2523 1.
466 2465 524 2524 599
546 2477 607 2540 sq:
636 2458 708 2539 qnia
728 2477 800 2522 nam
820 2462 870 2523 est
891 2463 1061 2522 extremum
1083 2457 1226 2539 qnodque
1248 2473 1395 2521 cacumen

217 2569 356 2648 corporis
380 2567 486 2648 ullius,
509 2568 529 2631 Ι.
554 2572 611 2631 749
635 2585 700 2648 sq:
727 2586 796 2632 eum
817 2566 977 2632 videamus
1001 2565 1032 2629 id
1052 2573 1224 2633 extremum
1247 2567 1396 2647 cuiusque

217 2695 364 2742 cacumen
394 2699 478 2761 esse,
507 2681 589 2761 quod
618 2680 660 2745 ad
689 2697 799 2746 sensns
829 2684 955 2745 nostros
982 2679 1139 2743 minimum
1169 2696 1237 2744 esse
1260 2679 1396 2744 videtur.

216 2788 251 2853 Π.
277 2795 370 2856 1130:
405 2792 502 2855 donec
534 2792 688 2856 alescendi
718 2810 869 2856 summum
900 2791 1032 2872 tetigere
1062 2809 1208 2856 cacumen
1230 2816 1271 2840 =
1292 2789 1407 2856 119919.Ι

216 2898 254 2964 V.
272 2904 365 2965 1457:
380 2903 502 2966 artibus
516 2902 557 2966 ad
573 2919 727 2966 summum
742 2903 839 2966 donec
850 2920 963 2966 venere
980 2919 1193 2966 99991999.-
1209 2901 1395 2981 Saepissime

216 3009 330 3074 vulnus
355 3011 558 3076 transfertur:
580 3013 616 3076 V.
633 3013 711 3077 1196
727 3030 787 3094 sq:
809 3017 993 3094 quantaque
1007 3010 1097 3075 nobis
1113 3008 1291 3075 volnera:
1302 3008 1396 3089 mala,

217 3120 347 3185 dolores
390 3122 411 3185 1.
437 3127 492 3187 34:
514 3127 641 3188 aeterno
663 3122 803 3188 devictus
823 3121 949 3186 vulnere
971 3121 1095 3190 amoris.
1137 3120 1174 3185 ll.
1196 3123 1395 3186 63999191-

216 3248 351 3312 numque
373 3232 465 3296 daret
487 3232 582 3297 matri
604 3231 660 3298 sub
691 3239 816 3313 pectore
839 3232 959 3297 volnus
1003 3231 1079 3296 Aen.
1101 3231 1122 3295 l.
1147 3235 1202 3294 36:
1229 3234 1392 3294 aeternum

216 3358 343 3405 servans
378 3341 433 3406 snb
468 3348 592 3424 pectore
627 3343 749 3407 uulnus.
805 3341 913 3406 Multis
950 3346 1114 3422 praeterea
1150 3340 1225 3406 loeis
1262 3340 1393 3408 »vulnus
1440 3345 1443 3348 ’

220 3453 352 3518 amoris«
376 3452 565 3531 invenimus
593 3452 638 3517 119
660 3451 711 3516 IV.
735 3456 822 3516 1070.
848 3456 934 3516 1120.
956 3451 1012 3518 On.
1031 3451 1095 3516 her.
1118 3456 1193 3516 420:
1215 3449 1341 3519 Urimur
1361 3459 1395 3514 et

218 3584 342 3633 caecum
364 3572 492 3648 pectora
519 3564 630 3629 vulnus
658 3563 763 3628 habet.
813 3563 863 3629 VI.
885 3567 947 3628 429
968 3581 1015 3644 sq.
1036 3563 1185 3644 legimus:
1213 3578 1268 3626 cur
1297 3561 1395 3628 demit

217 3676 401 3757 imaginibus
432 3675 501 3758 (sel.
524 3675 668 3756 deornm)
697 3674 833 3760 uiolento
863 3674 990 3739 vulnere
1017 3673 1059 3754 (i.
1087 3690 1113 3736 e.
1141 3670 1279 3738 fulminis
1308 3670 1392 3753 ictu)

216 3786 386 3851 honorem?
428 3784 575 3851 Similiter
596 3785 700 3852 clades
719 3803 779 3866 pro
799 3784 929 3849 interitu
950 3787 1071 3849 exstat:
1093 3781 1131 3846 V.
1146 3785 1206 3849 236
1227 3798 1292 3861 sq:
1314 3782 1394 3848 scire

217 3897 291 3963 licet
311 3893 388 3960 caeli
410 3911 536 3975 quoque
555 3895 627 3958 item
645 3899 810 3974 terraeque
823 3893 918 3959 fuisse
932 3891 1114 3974 principiale
1128 3890 1254 3973 aliquod
1269 3897 1393 3972 tempus

216 4007 396 4089 clademque
424 4004 569 4070 luuram.
619 4004 669 4070 VI.
692 4010 750 4070 565
774 4023 839 4087 sq:
872 4009 905 4071 et
937 4008 1082 4070 metuunt
1112 4003 1218 4084 magni
1248 4005 1394 4066 naturam

216 4118 345 4184 credere
365 4118 471 4183 mundi
486 4118 610 4184 exitiale
625 4119 750 4202 aliquod
763 4125 884 4201 tempus
897 4118 1079 4199 clademque
1092 4134 1228 4182 manere.
1249 4115 1299 4180 Vl.
1314 4119 1394 4180 1990

217 4247 281 4312 sq:
307 4236 364 4296 aut
392 4230 473 4295 unde
494 4235 623 4312 repente
644 4231 838 4298 mortiferam
860 4229 961 4312 possit
982 4228 1102 4294 cladem
1123 4227 1262 4294 conflare
1285 4229 1393 4292 coorta
