2966 4928
816 345 836 404 8

245 516 472 600 pulcherrimas
500 516 722 587 translationes
752 520 932 586 coniunctas
964 518 1126 586 habemns.
1182 520 1239 586 ΙΙΙ.
1263 524 1323 586 294
1344 539 1408 602 sq.:

246 628 308 694 illis
336 627 448 710 quibus
477 628 561 692 acria
590 629 687 695 corda
714 631 926 713 iracundaque
955 649 1050 696 mens
1070 629 1162 696 facilc
1180 629 1355 696 effervescit
1376 630 1408 696 in

246 741 302 804 ira.
347 739 381 804 V.
406 742 487 802 1334
505 755 569 820 sq.:
602 741 629 805 si
657 759 735 822 quos
762 747 837 806 ante
866 740 949 806 domi
971 741 1106 806 domitos
1126 741 1204 808 satis
1225 732 1293 805 esse
1315 745 1407 822 puta-

246 847 340 928 bant,
370 847 577 913 effervescere·
602 851 770 917 cernebant
798 853 830 919 in
859 851 953 918 rebus
982 850 1126 932 agundis.
1176 849 1294 918 Eodem
1314 849 1406 915 modo

246 957 389 1023 Valerius
410 957 586 1039 ignoscendi
609 960 704 1025 verbo
725 962 841 1028 utitur:
869 962 907 1027 V.
930 965 1006 1026 520:
1034 959 1122 1026 furiis
1145 960 1286 1041 ignescit.
1329 962 1405 1026 Aen.

233 1069 298 1134 vIX.
322 1073 375 1132 66:
397 1069 561 1149 ignescunt
580 1069 655 1135 irae.
670 1071 826 1136 -Etiam
846 1069 980 1152 flagrare
1002 1068 1086 1152 apud
1101 1071 1282 1136 Lucretium
1303 1076 1407 1136 trans-

246 1179 360 1244 fertur:
384 1178 437 1242 lV.
462 1183 555 1244 1165:
576 1179 715 1262 flagrans
737 1185 795 1258 (ε
814 1179 979 1262 iracunda)
1002 1179 1109 1246 odiosa
1128 1179 1302 1261 loquacula.
1324 1215 1365 1230 ·-

239 1311 240 1314 ¹
327 1289 411 1354 Fluo
426 1288 561 1355 fluctuo.
590 1288 719 1372 Saepius
733 1291 808 1356 haee
823 1290 920 1355 verba
935 1289 974 1354 de
990 1289 1127 1356 motibus
1152 1290 1407 1371 primordiorum,

246 1398 401 1482 equibus
432 1399 611 1464 universum
643 1405 782 1482 constat,
818 1399 1017 1465 adhibentur.
1070 1399 1212 1466 Sufficiat
1242 1401 1404 1466 nonnullos

245 1511 329 1575 locos
361 1499 486 1572 afferre:
515 1509 569 1574 IV.
597 1515 671 1574 309:
702 1511 821 1576 semina·
850 1508 951 1574 multa
980 1508 1082 1576 fluunt
1112 1511 1285 1578 simulacris
1313 1510 1404 1575 obvia

246 1639 359 1686 rernm.
394 1620 418 1684 Ι.
438 1624 498 1685 902
521 1637 580 1700 sq.:
598 1620 742 1702 (semina)
764 1619 893 1685 terendo
914 1637 996 1700 quae
1018 1638 1087 1685 cum
1110 1619 1297 1686 confluxere.
1341 1621 1403 1686 Sed

245 1733 339 1796 etiam
371 1735 536 1811 praeterea
568 1731 690 1812 saepius
722 1731 851 1796 verbnm
885 1731 1083 1796 transfertur.
1135 1732 1187 1796 IV.
1213 1736 1288 1796 675:
1320 1732 1403 1796 unde

245 1841 343 1908 fluens
362 1840 472 1904 volvat
494 1840 600 1904 varius
623 1859 657 1905 se
676 1838 795 1922 fluctus
812 1840 955 1906 odorum.
990 1841 1046 1906 Ill.
1073 1846 1143 1906 197:
1166 1847 1202 1906 ut
1221 1841 1261 1906 ab
1282 1858 1402 1906 summo

247 1951 305 2016 tibi
327 1950 449 2016 diffluat
469 1949 553 2014 altus
575 1967 713 2016 acervus.
747 1951 800 2017 Vl.
823 1956 896 2016 795:
913 1955 951 2018 ,et
969 1951 1112 2017 manibus
1134 1951 1264 2016 nitidum
1287 1951 1402 2016 teneris

246 2079 322 2143 opus
350 2058 450 2124 effluit
479 2060 514 2123 ei.
566 2061 616 2125 Ita
646 2061 760 2142 optime
789 2061 976 2144 exprimitur
1004 2062 1087 2126 lente
1116 2080 1193 2143 opus
1223 2060 1403 2126 emanibus

247 2172 383 2237 mulieris
415 2169 446 2233 in
476 2174 592 2234 terram
619 2169 741 2253 lapsum
770 2189 848 2236 esse.
901 2170 1050 2237 Similiter
1081 2171 1213 2252 legimus
1242 2170 1299 2236 Ov.
1322 2177 1403 2236 met.

246 2283 302 2347 ΙΙΙ.
326 2287 378 2346 39:
401 2279 548 2345 effluxere
571 2300 667 2346 urnae
687 2281 842 2347 manibus.
865 2319 905 2328 -
927 2283 982 2348 ΙΙΙ.
1006 2286 1066 2346 936
1089 2299 1141 2363 sq:
1164 2288 1198 2345 et
1219 2300 1280 2346 non
1301 2281 1405 2345 omnia

247 2399 405 2474 pertusum
438 2396 591 2470 congesta.
612 2392 701 2472 quasi
724 2391 755 2455 in
781 2410 836 2456 vas
866 2392 1026 2457 commoda
1047 2390 1221 2473 perfluxere
1243 2398 1337 2473 atque
1359 2393 1405 2456 in·

247 2501 506 2584 gratulnterie‘re.
540 2499 592 2564 IV.
606 2505 679 2565 919:
701 2501 916 2567 dissoluuntur
930 2502 1011 2566 enim
1034 2483 1100 2566 tum
1122 2502 1241 2566 demum
1266 2502 1406 2568 membra

246 2614 417 2694 fluuntque.
451 2610 503 2674 Vl.
520 2614 610 2675 1204:
638 2611 698 2675 hnc
721 2611 853 2676 hominis
878 2618 963 2677 totae
984 2611 1066 2675 vires
1085 2629 1258 2694 corpusque
1278 2611 1406 2678 fluebat.

247 2724 397 2790 Similiter
419 2722 590 2801 liquescere
611 2727 783 2803 usurpatur
805 2722 857 2787 IV.
884 2729 957 2787 lll:
980 2721 1118 2787 membra
1141 2722 1312 2803 voluptatis
1334 2721 1405 2786 dum

247 2835 275 2899 vi
302 2832 456 2898 labefacta
484 2831 665 2912 liquescunt.
695 2867 735 2879 —-
763 2832 880 2898 Eodem
907 2832 973 2898 fere
1001 2851 1095 2899 sensu
1123 2850 1160 2896 ac
1188 2831 1286 2898 fluere
1311 2832 1406 2899 etiarn

246 2945 397 3010 fluctuare
419 2940 598 3006 adhibetur:
626 2942 682 3006 Ill.
708 2947 776 3024 720,
800 2960 862 3022 sq.:
886 2943 966 3008 unde
986 2944 1178 3008 animantum
1202 2943 1290 3023 copia
1313 2947 1405 3006 tanta

247 3073 319 3119 exos
344 3059 377 3117 et
397 3053 545 3132 exanguis
574 3051 708 3116 tumidos
735 3051 924 3134 perfluctuat
951 3053 1065 3118 artus?
1106 3053 1161 3117 Ill.
1185 3053 1280 3118 1052:
1310 3056 1406 3132 atque

248 3165 342 3228 animi
370 3163 488 3226 incerto
516 3160 644 3226 fluitans
676 3178 783 3226 errore
815 3164 948 3242 vagaris
1008 3163 1061 3228 IV.
1094 3167 1172 3227 1076
1199 3179 1262 3243 sq.:
1291 3161 1405 3225 etenim

247 3273 386 3355 potiundi
401 3277 538 3352 tempore
551 3273 582 3334 in
596 3272 664 3352 ipso
672 3270 806 3337 fluctuat
817 3272 944 3337 incertis
955 3272 1111 3337 erroribus
1126 3273 1221 3337 ardor
1235 3275 1404 3335 amantum.

248 3384 296 3448 Ad
310 3383 467 3466 propriam
484 3381 569 3446 verbi
585 3381 842 3462 significationem
856 3383 958 3463 magis
975 3381 1114 3464 inclinat,
1135 3382 1219 3462 quod
1234 3380 1286 3444 lV.
1303 3385 1340 3444 75
1356 3398 1404 3461 sq.

247 3498 367 3560 exstat:
396 3491 465 3556 vela
486 3539 493 3552 .
518 3540 524 3554 .
546 3539 554 3554 .
578 3492 742 3556 trementia
763 3493 886 3558 flutant.
916 3529 955 3538 -
985 3493 1047 3557 Alii
1072 3509 1196 3574 quoque
1216 3495 1327 3571 poetae
1348 3488 1405 3553 hor

247 3604 375 3668 verbum
408 3600 636 3681 elegantissime
669 3603 915 3668 transtulerunt:
953 3603 1021 3668 (lat.
1052 3603 1106 3668 VI.
1129 3607 1164 3684 4,
1195 3605 1248 3665 82:
1281 3601 1404 3680 magnis

248 3731 391 3778 curarum
411 3713 541 3777 fluctuat
561 3711 662 3776 undis.
706 3711 800 3793 Verg.
823 3721 898 3777 Aen.
922 3714 974 3778 IV.
998 3717 1071 3776 532:
1094 3727 1267 3792 magnoque
1288 3711 1403 3774 irarum

247 3823 380 3889 fluctuat
407 3828 512 3896 aestu3
540 3820 581 3884 ib.
603 3820 673 3885 XII.
698 3825 774 3886 527:
804 3821 935 3890 fluctuat
957 3823 1004 3886 ira
1025 3822 1117 3887 intus.
1161 3821 1227 3888 lfal.
1250 3821 1304 3886 lll.
1327 3824 1403 3884 637:

248 3938 282 3997 at
300 3933 371 4014 pius
393 3932 512 4010 ingenti
534 3929 682 3995 Telamon
704 3931 765 3996 iam
786 3931 917 3998 fluctuat
938 3933 995 3996 ira.

328 4040 459 4108 Florao.
494 4039 562 4104 Hoc
575 4039 702 4105 verbum
717 4061 736 4106 a
750 4041 910 4123 permultis
925 4039 1129 4122 scriptoribus
1144 4041 1238 4104 etiam
1250 4039 1404 4120 pedestris

247 4153 399 4220 sermonis
421 4149 618 4216 transfertur.
642 4151 667 4216 1.
689 4155 762 4216 255:
781 4151 881 4216 laetas
897 4152 991 4216 urbes
1006 4153 1109 4231 pneris
1124 4149 1236 4214 florere
1257 4148 1403 4214 videmus.
