2966 4928
638 375 673 440 ll

85 549 141 616 diei
161 567 216 631 per
239 552 339 614 totum
360 548 436 618 caeli
459 551 594 632 spatium
615 549 787 618 diffundere
808 568 877 618 sese
898 568 1015 633 perque
1030 550 1234 621 voraremus

85 679 117 728 ac
136 666 236 726 terras
256 659 415 741 cirumque
436 660 549 742 rigare.
586 661 620 726 V.
644 666 701 728 281
726 677 785 746 sq.:
809 660 915 743 largus
936 661 1011 730 item
1032 661 1141 744 liquidi
1162 662 1233 728 tous

84 771 218 851 luminis,
247 767 407 835 aetherius
435 769 495 851 soi,
519 771 636 852 inrigat
655 772 786 838 adsidue
807 771 927 838 caelum
950 771 1082 838 candore
1104 774 1235 856 recenti3

83 873 147 946 aliis
168 881 259 962 locis,
285 885 442 961 utsupra
472 880 618 963 vidimus,
648 881 753 948 eodem
783 900 878 950 seusu
907 881 1027 963 replere
1056 888 1234 964 usurpatur.

83 993 115 1055 V.
132 997 190 1056 592
204 1009 253 1072 sq:
278 991 350 1071 (soi)
374 991 457 1072 quod
478 993 576 1056 maria
598 1010 634 1056 ac
657 997 759 1060 terras
781 993 879 1070 omnis
901 992 1081 1074 caelumque
1102 993 1233 1074 rigando

80 1104 232 1186 compleat
253 1106 286 1166 et
303 1101 402 1166 calido
428 1099 597 1182 perfundat
627 1105 739 1168 cuncta
769 1119 892 1184 vapore.
940 1101 1089 1168 Similiter
1118 1102 1235 1183 legitur

80 1217 181 1283 Aetna
204 1217 278 1277 385:
301 1229 504 1293 quaecunque
532 1212 640 1292 rigant
669 1211 810 1278 incendia
835 1211 940 1276 silvae.
984 1211 1234 1280 Luscinum:

81 1331 111 1390 et
131 1323 327 1391 hincmotus
350 1340 406 1405 per
427 1323 565 1388 membra
587 1323 740 1402 rigantur.
780 1321 834 1388 IV.
857 1327 915 1386 907
933 1338 998 1403 sq.:
1021 1339 1102 1388 nunc
1122 1321 1232 1405 quibus

79 1431 129 1497 iile
144 1432 245 1501 modis
261 1449 387 1496 somnus
403 1450 459 1512 per
471 1431 609 1496 membra
624 1432 757 1512 quietem
779 1432 890 1512 irriget
909 1437 1005 1512 atquc
1025 1432 1120 1498 animi
1141 1447 1234 1498 curas

80 1547 241 1624 epectore
263 1542 374 1608 solvat.
417 1541 508 1624 Apud
529 1542 726 1606 Lactantium
756 1541 899 1611 similiter
927 1541 1071 1624 legimus:
1093 1541 1233 1608 membra

80 1670 189 1734 sopore
223 1653 367 1734 irrigata·
424 1651 520 1718 Mncr.
549 1659 607 1718 sat.
631 1654 683 1719 VI.
708 1660 740 1736 i,
772 1641 829 1720 4'4:
862 1653 1030 1734 mitemque
1061 1653 1159 1734 rigat*
1176 1671 1232 1734 per

80 1769 205 1844 pectora
226 1781 377 1835 somnum.
408 1763 483 1828 Aen.
496 1762 516 1828 1.
531 1768 586 1828 691
603 1782 665 1846 sq.:
686 1762 839 1846 placidam
861 1782 919 1846 per
938 1761 1077 1832 membra
1097 1763 1231 1844 quietem

81 1874 209 1955 inrigat3
230 1873 300 1938 ibid.
322 1873 377 1938 ΙΙΙ.
398 1879 473 1938 511;
495 1874 595 1940 fessos
617 1892 711 1956 sopor
731 1873 849 1955 inrigat
869 1878 967 1940 artus.
997 1872 1129 1955 Propria
1146 1872 1234 1940 verbi

79 1990 181 2048 exstat
202 1984 385 2064 significatio
407 1983 459 2049 IV.
485 1989 580 2051 1029:
606 2003 675 2051 cum
690 1983 880 2067 Babylonica
892 1982 1054 2066 magnifico
1068 1980 1233 2064 splendore

79 2096 237 2174 rigantur,
266 2093 319 2158 ubi
346 2093 526 2174 »magnifico
548 2094 733 2176 splendore«
759 2095 947 2162 attributum
973 2095 1016 2160 ed
1042 2091 1232 2175 Babylonica

78 2204 251 2285 appositum
276 2208 334 2270 est.

156 2311 279 2401 Pasce,
315 2314 396 2396 quod
429 2315 517 2380 nobis
553 2333 647 2396 snpra
680 2316 816 2382 occurrit
848 2314 1055 2394 translatum,
1088 2310 1233 2380 similiter
1364 2316 1366 2321 ’

78 2428 201 2508 saepius
220 2426 290 2490 aliis
312 2425 388 2490 iocis
414 2423 610 2489 transfertur.
653 2427 676 2491 1.
702 2431 757 2494 36:
785 2425 887 2508 pascit
907 2442 1012 2490 amore
1032 2422 1141 2489 avidos
1164 2468 1171 2484 .
1192 2468 1200 2484 .
1224 2471 1230 2485 .

77 2538 167 2604 visus.
206 2537 321 2602 Eodem
343 2537 435 2602 modo
458 2541 565 2602 nostra
586 2538 693 2618 lingua
716 2538 862 2605 dicimus:
885 2536 966 2602 »deu
981 2531 1071 2598 Blick
1085 2530 1230 2597 residem«

77 2648 112 2712 ll.
138 2651 217 2712 419:
247 2645 405 2728 (colores)
438 2648 541 2712 oculos
572 2648 625 2730 qui
656 2666 786 2730 pascere
816 2647 946 2729 possint.
981 2679 1020 2692 -
1055 2641 1156 2722 Magis
1188 2638 1230 2704 ad

77 2756 230 2839 propriam
265 2755 521 2836 significationem
558 2759 703 2839 inclinat,
738 2759 818 2841 quod
846 2758 871 2824 Ι.
902 2759 958 2822 231
990 2757 1110 2820 exstat:
1146 2749 1229 2818 uude

77 2866 182 2931 aether
215 2867 318 2932 sidera
348 2868 472 2949 pascit?
522 2868 546 2932 1.
577 2873 670 2934 1090:
702 2874 735 2934 et
768 2869 843 2936 solis
875 2867 1031 2934 flauumam
1063 2879 1120 2943 per
1151 2859 1230 2926 caeli

76 2977 198 3044 caerula
226 2978 322 3058 pasci.
351 3013 385 3024 -
418 2979 474 3043 ΙΙΙ.
497 2981 591 3044 1003:
621 2980 715 3044 animi
743 2980 898 3061 ingratam
927 2982 1073 3044 naturam
1102 2988 1229 3054 pascere

77 3103 204 3169 semper.
218 3087 326 3152 -ΙΙΙ,
344 3091 394 3151 12:
417 3087 609 3169 depascimur
632 3107 727 3155 aurea
749 3089 850 3170 dicta3
871 3106 928 3154 nos
951 3101 1074 3169 quoque
1087 3081 1227 3150 dicimus:

77 3214 127 3260 »er
154 3195 338 3278 verschlang
369 3196 511 3263 formiich
551 3199 635 3264 scine
667 3199 801 3265 warte«
853 3198 894 3266 ΙΙ.
922 3201 981 3262 705
1023 3193 1165 3260 similiter
1194 3195 1230 3256 ut

75 3323 168 3388 snpra
189 3308 213 3373 1.
230 3311 287 3371 231
304 3313 421 3374 exstat:
446 3316 512 3373 tum
531 3306 677 3374 dammas
700 3315 802 3374 taetro
815 3305 964 3389 spirantis
977 3322 1031 3370 ore
1046 3302 1226 3369 Chimaeras

74 3435 202 3496 pascere
223 3423 376 3485 naturam.
407 3419 447 3484 II.
470 3423 542 3484 996:
565 3439 670 3486 omnes
691 3436 822 3501 corpora
842 3417 988 3499 pascunt.
1019 3414 1123 3478 Etiam
1144 3409 1228 3493 apud

74 3527 227 3606 pedestris
242 3530 392 3594 sermonis
407 3529 576 3608 scriptores
590 3529 735 3611 pascendi
749 3529 880 3594 verbum
894 3523 1060 3592 transferri
1070 3522 1227 3588 videmus:

75 3641 147 3706 Tac.
167 3637 237 3704 hist.
260 3639 316 3705 ΙΙΙ.
339 3644 390 3705 31:
415 3639 595 3704 saevissima
611 3639 728 3705 Vitellii
749 3657 819 3718 vox,
840 3653 955 3718 qua-se
975 3633 1100 3716 pavisse
1121 3629 1225 3696 oculos

74 3754 213 3834 spectata
233 3750 348 3816 inimici
369 3753 468 3816 morte
490 3749 626 3816 iactavit.
662 3751 733 3816 Seu.
755 3769 801 3832 ep.
825 3753 875 3828 58,
898 3750 953 3812 25:
974 3744 1091 3825 oculos,
1110 3747 1146 3809 ut
1167 3739 1227 3806 dici

74 3860 160 3942 solet,
181 3860 291 3944 pascit.
315 3893 355 3906 -·
819 3921 821 3926 ,

152 3969 279 4056 Pondo3
301 3986 422 4054 pango.
455 3969 630 4052 Utrumque
643 3969 771 4037 verbum
788 3975 820 4035 et
833 3968 958 4051 proprie
973 3971 1005 4032 et
1019 3959 1226 4045 metaphorice

76 4099 92 4143 a
113 4083 260 4147 Lucretio
282 4081 461 4146 adhibetur:
491 4080 527 4146 V.
551 4083 610 4144 656
632 4097 695 4162 sq.:
725 4079 875 4161 Tempore
904 4078 977 4142 item
1000 4079 1085 4140 certo
1106 4087 1225 4138 roseam

75 4189 194 4275 Matuta
223 4210 279 4276 per
309 4209 381 4258 oras
418 4190 554 4256 aetheris
592 4208 738 4256 auroram
775 4188 880 4256 differt
906 4191 938 4252 et
964 4185 1081 4253 lumina
1109 4179 1226 4264 pandit.

988 4291 1024 4349 2·
