2966 4928
765 323 804 385 54

197 501 279 582 iguis
300 499 462 566 abundare
482 498 658 582 Aetnaeus,
688 499 898 568 flammescere
928 500 1064 584 melum,
1095 503 1128 568 id
1149 521 1273 588 quoque
1294 503 1387 570 enim
1470 482 1474 493 ¹

197 613 250 693 iit,
284 616 317 676 et
337 609 505 675 ardescunt
530 609 678 675 caelestia
709 611 833 692 templa.
886 609 1000 675 Munrc
1033 611 1071 676 de
1102 612 1162 679 hoc
1194 613 1260 678 locu
1290 613 1390 694 dicit,

198 719 327 802 frigidas
354 721 410 784 iras
438 719 620 802 hyperbuies
651 725 775 800 poetam
806 719 1047 802 philosophicum
1077 741 1138 787 nou
1168 709 1292 804 decere3
1322 723 1391 787 sed

198 831 363 896 Lucretius
386 847 446 894 nou
468 829 561 893 ruodo
580 827 780 912 philosophus
811 836 877 911 est,
905 831 961 896 sed
990 831 1081 910 simul
1108 838 1217 914 poeta,
1244 839 1277 898 et
1307 852 1390 898 mea

200 942 354 1006 sententie
375 939 450 1005 haec
470 945 656 1004 ornamenta
677 941 829 1006 sermonis
848 943 877 1006 ei
899 942 974 1006 vitio
996 941 1065 1007 dari
1089 961 1148 1007 uon
1171 950 1312 1025 possunt.
1347 981 1387 990 -

700 1223 893 1234 ———--—-

281 1431 367 1499 Haec
388 1433 484 1499 habui
506 1451 587 1516 quaa
613 1432 652 1498 da
672 1432 811 1499 Lucretii
841 1433 940 1514 tropis
968 1431 1110 1498 dicerem.
1160 1431 1209 1498 Ex
1228 1433 1388 1515 exemplis

200 1542 306 1608 allatis
339 1544 416 1608 satia
444 1543 582 1623 eluceat,
610 1559 680 1608 eurn
708 1543 835 1625 linguae
863 1542 996 1642 Latinae
1023 1547 1165 1623 egestate
1195 1543 1388 1626 impeditum

203 1672 264 1719 nou
286 1671 363 1734 essa,
384 1653 547 1734 queminus
569 1652 729 1718 materiam
753 1650 964 1719 difficillimum
982 1671 1053 1718 vere
1074 1651 1192 1736 poetice
1216 1657 1389 1720 tractaret.

200 1761 302 1842 Magis
332 1769 435 1828 autem
456 1763 551 1828 etiam
574 1779 669 1844 quarn
698 1763 796 1844 tropis
826 1781 927 1828 sermo
959 1763 1038 1842 eius,
1059 1768 1097 1828 ut
1118 1780 1214 1844 supra
1237 1763 1389 1845 diximus,

200 1872 310 1954 figuris
346 1872 454 1956 floret,
492 1874 598 1955 itaque
631 1874 806 1955 quicunque
828 1874 893 1939 eius
927 1872 1055 1956 scriptis
1086 1889 1213 1954 operam
1246 1872 1388 1954 dederit,

163 2055 164 2058 Ἴ
200 1981 382 2075 praedicare
416 1983 552 2065 poterit,
590 1982 770 2049 Lucretium
805 1983 882 2048 utile
914 1982 997 2048 dulci
1033 1983 1194 2048 miscuisse

419 2092 567 2158 lectorem
590 2092 775 2158 delectando
797 2093 977 2175 pariterque
999 2093 1153 2158 mouendo

201 2207 233 2268 et
254 2202 403 2284 ducendo,
424 2201 508 2284 quud
529 2201 713 2268 Horatianis
735 2200 796 2266 iilis
818 2202 920 2267 verbis
941 2203 1075 2267 adiicere
1098 2203 1188 2268 uobis
1211 2201 1314 2266 liceat·
