2966 4928
797 335 816 394 6

226 511 295 592 pari
321 509 475 574 malarum
504 515 595 592 parte
624 510 791 592 pruhrsast.
837 510 891 578 tv.
913 515 950 576 81
975 529 1036 594 eq.:
1066 515 1099 578 et
1126 515 1245 595 quanto
1273 511 1387 578 circum

227 639 318 701 mage
339 627 413 685 sunt
429 625 565 701 augusta
585 620 704 685 theatri
725 622 858 703 moenia,
880 627 944 687 tam
959 624 1057 703 magis
1070 622 1147 688 haec
1162 623 1247 688 intus
1261 621 1388 702 perfusa

227 731 333 813 lepore
359 731 463 795 omnia
484 731 646 796 conrident
666 737 811 814 correpta
832 733 899 798 luce
921 732 992 797 diei.
1025 731 1078 797 IV.
1095 736 1155 797 923
1167 750 1231 813 sqc
1252 749 1387 812 namque

227 842 342 907 iaceret
363 847 490 906 aeterno
520 857 631 922 corpus
660 839 822 922 perfusum
849 841 966 924 frigore
994 842 1059 908 leti.
1106 843 1147 908 ΙΙ.
1170 847 1231 907 820
1250 857 1311 922 eq.:
1333 861 1388 907 cur

226 969 264 1017 ca
292 970 371 1033 quae
392 956 537 1016 constant
559 950 678 1014 exiliis
702 969 764 1014 non
784 952 909 1033 penitus
932 957 1007 1016 suut
1027 971 1119 1018 omne
1140 973 1237 1036 genus
1260 952 1401 1033 perlusa.

226 1062 401 1127 coloribus?
443 1061 483 1126 ΙΙ.
508 1065 585 1126 148:
611 1059 804 1142 perfundens
834 1062 938 1127 omnia
966 1063 1045 1128 luce.
1089 1063 1141 1129 Vl.
1164 1069 1240 1129 479:
1268 1061 1383 1130 suffun-

227 1173 369 1254 duntque
391 1191 448 1238 sua
468 1171 586 1237 caelum
615 1171 757 1251 caligine.
806 1172 862 1237 III.
886 1175 945 1238 303
968 1189 1033 1253 eq.:
1062 1191 1118 1238 uec
1141 1174 1232 1239 nimis
1253 1175 1312 1238 irai
1334 1174 1384 1240 iar

226 1300 360 1365 uuquam
380 1283 505 1349 subdita
526 1282 625 1364 percit
645 1280 761 1346 lumida
781 1280 961 1348 suffundens
982 1301 1094 1348 caecae
1109 1284 1249 1365 caliginis
1265 1284 1384 1350 umbra.

227 1392 279 1458 Vl.
306 1397 399 1459 1146:
431 1398 463 1460 et
493 1391 624 1474 duplicis
655 1390 762 1456 oculos
793 1389 914 1457 suffusa
947 1393 1016 1460 luce
1044 1394 1199 1460 rubentes.
1252 1395 1308 1460 111.
1331 1399 1385 1460 39:

226 1505 353 1585 (motus)
364 1492 467 1571 omnia
479 1501 658 1570 suffundens
672 1501 781 1564 mortis
791 1501 925 1581 nigrore
949 1505 991 1570 11.
1000 1509 1072 1569 821:
1086 1503 1212 1589 perlusa
1222 1505 1386 1570 coloribus.

227 1616 303 1678 Aen.
327 1615 363 1679 V.
387 1620 461 1679 111:
490 1619 577 1680 ostro
607 1613 753 1694 perfusae
783 1619 897 1678 vestes.
949 1615 1039 1680 hucr.
1062 1614 1097 1680 V.
1122 1619 1198 1680 593:
1228 1621 1260 1680 et
1287 1614 1386 1680 calido

226 1725 395 1806 perfundat
427 1731 538 1792 cuncta
567 1743 691 1806 vapore.
752 1723 902 1790 Similiter
937 1723 1008 1790 aliis
1042 1723 1117 1790 locis
1149 1725 1322 1790 convestire
1355 1731 1387 1790 et

227 1853 374 1916 spargere
393 1834 569 1902 adhibetur:
591 1834 630 1898 II.
652 1838 711 1899 144
723 1852 785 1916 eq.:
806 1835 939 1916 primum
958 1851 1074 1900 aurora
1088 1852 1167 1900 novo
1180 1853 1250 1900 curn
1263 1836 1387 1918 spargit

226 1945 341 2010 lumino
363 1951 495 2028 terram,
522 1964 614 2030 quam
644 1945 882 2011 translationem
905 1944 988 2026 apud
1015 1944 1183 2026 Vergilium
1205 1945 1386 2026 saepissime

227 2057 406 2122 invenimus.
460 2058 550 2122 Lucr.
572 2057 612 2122 II.
644 2061 700 2122 147
727 2075 791 2138 eq.:
823 2073 918 2136 quam
949 2055 1052 2122 subito
1084 2055 1187 2120 soleat
1219 2055 1265 2120 sol
1286 2102 1294 2118 .
1317 2105 1324 2121 .
1348 2103 1386 2120 ..

226 2167 400 2232 convestire
428 2186 486 2233 sua
513 2166 703 2248 perfundens
733 2168 836 2231 omnia
863 2167 939 2232 luce.
983 2169 1058 2232 Aen.
1082 2165 1134 2231 VI.
1158 2169 1236 2231 640:
1269 2159 1387 2246 largior

226 2275 276 2341 hic
303 2296 428 2360 campos
460 2277 568 2344 aether
597 2284 630 2344 et
660 2277 775 2344 lumine
808 2276 910 2341 vestit.
962 2277 1067 2341 Etiam
1099 2293 1264 2342 conserere
1293 2276 1387 2341 simili

227 2404 318 2452 sensu
340 2407 360 2452 a
381 2388 526 2454 Lucretio
547 2392 720 2470 usurpatur
741 2387 780 2452 II.
804 2391 880 2451 211:
907 2385 980 2468 (soll
1003 2386 1117 2452 lumine
1138 2387 1276 2451 conserit
1299 2403 1385 2451 arva.

308 2496 456 2564 docendo
479 2503 511 2563 et
533 2498 657 2563 similia.
699 2499 726 2560 A
748 2497 892 2561 Lucretio
914 2495 990 2560 haec
1010 2495 1107 2560 verba
1127 2495 1251 2576 saepius
1281 2500 1387 2560 trans-

226 2606 383 2685 feruutur;
421 2611 481 2674 iam
513 2627 550 2675 ea
587 2627 667 2690 quaa
703 2606 890 2688 gravissima
927 2604 1069 2686 exempla
1110 2613 1184 2672 suut
1220 2606 1386 2672 afferamus

226 2714 327 2781 liceat.
371 2716 434 2782 Sub
456 2717 547 2784 finem
567 2718 639 2782 libri
660 2719 740 2784 sexti
760 2716 972 2799 Thucydidem
1000 2717 1143 2783 imitatus
1173 2723 1266 2799 poeta
1294 2718 1385 2784 nobis

225 2825 434 2906 pestilentiam
468 2831 630 2910 proponit,
662 2846 741 2912 quae
773 2827 899 2892 Periclis
929 2833 1036 2893 aetate
1065 2827 1205 2892 Athenas
1238 2830 1385 2909 vastavit,

226 2935 387 3016 multaque
422 2937 464 3002 ibi
498 2941 637 3022 exempla
671 2939 888 3004 translationis
925 2938 1140 3002 inveniuntur:
1176 2939 1221 3004 ita
1257 2938 1386 3019 legimus

227 3045 279 3110 VI.
305 3053 395 3112 1145:
418 3051 570 3130 principio
593 3056 688 3132 caput
704 3052 861 3116 incensum
883 3049 1006 3113 fervore
1028 3048 1189 3129 gerebant.
1224 3049 1273 3112 VI.
1292 3053 1384 3112 1172:

227 3155 257 3219 iu
280 3155 390 3222 fluvius
411 3163 525 3240 partim
548 3162 668 3244 gelidos
690 3161 834 3227 ardentia
850 3159 986 3224 membra
1000 3158 1126 3223 dabant.
1159 3158 1211 3222 VI.
1229 3158 1308 3221 1168
1322 3175 1385 3237 eq.:

227 3268 337 3333 intima
360 3290 434 3350 pars
455 3273 610 3338 hominum
634 3270 864 3351 veroflegrabat
885 3269 926 3333 ad
946 3288 1028 3346 ossa,
1046 3268 1203 3349 flagrabat
1226 3267 1385 3331 stomacho

227 3377 361 3445 damma.
392 3416 431 3426 —
464 3383 532 3447 Alia
555 3383 768 3448 translationis
796 3379 938 3462 ercnrpla
971 3385 1098 3444 exstant
1128 3378 1163 3442 V.
1189 3381 1262 3441 659:
1295 3377 1384 3460 (sol)

227 3491 379 3572 anticipat
412 3493 531 3557 caelum
560 3493 658 3556 radiis
691 3491 854 3556 incendere
891 3496 1057 3571 temptans.
1113 3488 1181 3552 Vel,
1204 3487 1286 3552 Vlll.
1310 3493 1384 3553 115:

228 3600 363 3666 nubibus
386 3605 541 3683 accensis,
564 3603 602 3668 ib.
626 3603 778 3667 111411:
800 3601 903 3666 oriens
924 3599 1112 3665 accenderit.
1154 3599 1247 3678 Verg.
1269 3596 1385 3680 Georg.

141 3716 143 3720 '
227 3708 279 3773 IV.
298 3715 371 3776 401:
393 3712 495 3779 modio
516 3733 583 3779 curu
606 3712 651 3777 sol
673 3711 850 3776 accenderit
868 3717 984 3776 aestus.
1005 3745 1035 3756 „.
1055 3709 1142 3773 Aliae
1163 3708 1385 3774 translationes

227 3825 354 3886 exstant
372 3822 396 3887 I.
418 3828 478 3888 473
500 3843 561 3905 eq.:
587 3840 747 3903 nunquam
762 3821 948 3903 Tyndaridis
968 3818 1086 3883 formae
1107 3817 1257 3884 conflatus
1278 3837 1385 3884 amore

228 3931 326 4010 iguis,
355 3932 524 3997 Alexandri
546 3931 683 4013 Phrygio
704 3933 762 3997 sub
784 3937 910 4013 pectore
932 3929 1065 4009 gliscens
1085 3929 1170 3994 clara
1190 3929 1385 3994 accendisset

229 4041 313 4106 saevi
345 4043 515 4107 certamina
546 4042 627 4106 belli.
679 4043 717 4106 11.
747 4047 822 4106 959:
854 4060 891 4105 ac
921 4054 1020 4121 paene
1052 4040 1184 4104 amissus
1216 4039 1384 4103 accendere

229 4169 347 4217 seusus.
377 4153 416 4219 Il.
434 4159 494 4219 942
509 4171 559 4234 sq:
581 4153 694 4235 quibus
708 4153 918 4216 omnituentes
931 4151 1051 4216 accensi
1067 4167 1177 4216 seusus
1193 4149 1385 4214 animantum
