2966 4928
777 380 815 439 52

206 553 327 619 Ennius
348 561 384 620 ut
404 559 513 634 noster
535 556 656 635 cecinit,
680 558 730 637 qui
753 557 872 638 primus
895 573 1026 620 amoeno
1049 555 1161 640 detulit
1182 575 1219 620 ex
1235 556 1385 622 Helieone

205 666 331 746 perenni
355 664 465 730 fronde
487 681 643 729 coronam.
684 666 706 731 1.
730 671 789 730 412
812 685 877 748 sq.:
909 665 1104 747 usqueadeo
1127 665 1232 748 largos
1254 667 1388 731 haustus

206 792 222 838 e
254 773 387 840 fontibu’
419 775 541 854 magnis
575 776 678 856 lingua
711 795 779 841 meo
812 775 917 840 suavis
948 775 1003 840 diti
1035 776 1074 840 de
1107 783 1234 858 pectore
1267 775 1388 840 fundet.

207 883 356 948 Similiter
398 884 548 950 Horatius
583 905 629 968 ep.
647 886 682 949 l.
715 889 749 965 3,
792 892 829 949 lli
862 885 952 950 dicit:
998 885 1152 950 Pindarici
1196 886 1292 950 fontis
1334 888 1387 966 qni

206 1011 267 1056 non
285 995 435 1076 expalluit
451 994 592 1061 haustos.
628 996 744 1062 Pollius
762 1002 794 1062 et
815 997 867 1061 alii
887 996 953 1060 loco
975 996 1160 1061 Lucretiano
1181 995 1241 1077 legi
1261 997 1388 1062 volunt:

208 1103 324 1182 »largis
345 1104 473 1170 haustos
493 1126 509 1170 e
529 1105 667 1171 fontihns
689 1108 818 1187 amnis«,
848 1110 929 1189 quod
963 1107 1096 1172 eundem
1126 1124 1249 1172 sensum
1274 1105 1388 1170 reddit.

209 1249 243 1260 —
280 1214 303 1278 l.
334 1219 411 1280 638:
447 1215 627 1281 Heraclitus
662 1217 720 1281 init
757 1235 887 1299 quorum
925 1217 989 1281 dux
1025 1216 1145 1297 proelia
1181 1216 1309 1296 primus.
1346 1252 1386 1262 -

207 1321 420 1388 Pulcherrima
440 1325 591 1406 allegoria
612 1331 716 1391 exstat
737 1328 761 1391 l.
781 1331 840 1392 922
858 1344 921 1408 sq.:
943 1325 995 1391 sed
1018 1326 1081 1391 acri
1103 1327 1257 1407 percussit
1277 1325 1389 1410 thyrso

207 1433 311 1498 laudis
333 1452 405 1516 spes
428 1453 540 1517 magne
559 1455 658 1501 meum
682 1454 735 1501 eor
764 1437 806 1501 et'
831 1437 925 1502 simul·
959 1437 1090 1501 incussit
1125 1455 1249 1502 suavem
1282 1437 1323 1500 mi
1354 1437 1389 1500 in

204 1550 316 1625 pectus
337 1563 475 1610 amorem
493 1563 667 1627 musarum,
689 1565 751 1627 quo
773 1565 853 1612 nune
875 1531 1041 1612 instinctus
1063 1552 1166 1614 mente
1182 1546 1300 1628 vigenti
1316 1531 1391 1610 aria

206 1652 363 1720 Pieridum
392 1673 526 1738 peregre
560 1657 628 1721 loca
659 1655 773 1722 nullius
807 1662 881 1721 ante
912 1657 990 1721 trite
1022 1658 1107 1738 solo,
1136 1657 1224 1723 iuvat
1246 1656 1392 1737 integros

206 1764 351 1830 accedere
372 1765 467 1832 fontis
488 1772 583 1847 atque
612 1767 755 1848 haurire,
786 1766 937 1848 iuvatque
969 1785 1065 1832 novos
1095 1767 1260 1848 decerpere
1293 1765 1392 1831 fiores

206 1876 419 1960 insignemque
447 1896 515 1942 meo
542 1877 639 1959 copiti
668 1882 774 1958 petere
802 1877 874 1942 inde
902 1895 1064 1959 coronam,
1098 1878 1179 1941 unde
1200 1877 1288 1957 prius
1310 1875 1392 1941 nulli

207 1985 341 2052 velarint
362 1993 501 2070 tempora
531 2005 647 2053 musae.
677 2022 717 2034 -
751 1988 790 2052 Il.
814 1993 831 2050 7
855 2005 919 2068 sq.:
955 1988 1009 2053 sed
1034 1988 1076 2052 nil
1100 1987 1220 2053 dulcius
1241 1995 1289 2052 est
1308 1987 1393 2052 bene

206 2115 298 2178 qnam
331 2097 451 2162 munita
483 2104 587 2164 tenere
618 2097 705 2163 edite
736 2098 878 2163 doctrina
909 2099 1083 2180 sapientum
1119 2100 1235 2180 templa
1266 2116 1390 2162 serene.

208 2207 404 2288 Compstet.
414 2209 481 2274 silv.
489 2210 562 2288 lac,
570 2214 625 2275 84:
647 2209 728 2274 celsa
740 2214 776 2272 tn
788 2209 898 2272 mentis
908 2208 948 2272 ab
965 2226 1023 2272 ara
1035 2207 1166 2290 despicis
1179 2213 1329 2272 errantes.
1345 2244 1392 2254 -—

207 2318 246 2381 ll.
270 2323 328 2380 573
353 2337 414 2400 sq.:
435 2320 479 2384 sic
499 2337 597 2400 aequo
618 2320 740 2400 geritur
761 2319 930 2383 certamine
951 2319 1171 2399 principiorum
1202 2336 1240 2382 ex
1267 2316 1392 2382 infinito

207 2433 401 2493 contractum
424 2436 564 2512 tempore
585 2429 715 2505 bellurn,
745 2447 827 2494 nunc
846 2428 896 2493 hic
918 2447 999 2493 nunc
1020 2428 1083 2494 illic
1104 2435 1255 2510 superant
1279 2427 1393 2491 vitalia

207 2554 326 2619 rerum,
357 2548 389 2604 et
417 2548 608 2622 superentur
635 2540 719 2604 item.
742 2575 782 2584 -
805 2537 854 2602 Vl.
877 2543 935 2603 92:
960 2546 993 2603 tn
1015 2539 1088 2603 mihi
1110 2555 1273 2619 supremae
1296 2555 1392 2618 proc-

206 2647 323 2712 scribta
342 2650 383 2715 ad
409 2651 542 2716 candida
564 2650 656 2716 calcis
675 2650 810 2714 currenti
831 2649 966 2730 spatium
979 2657 1206 2730 praemonstra.
1239 2646 1393 2712 Similiter

208 2757 298 2823 Varr.
321 2765 380 2824 sat.
403 2761 485 2825 Men.
501 2767 560 2826 288
575 2780 621 2842 sq.
634 2759 769 2840 legitur:
790 2759 909 2823 Nemini
929 2759 1054 2822 fortuna
1074 2775 1200 2822 currum
1222 2777 1241 2822 a
1263 2775 1391 2822 carcere

207 2868 316 2933 intimo
344 2871 469 2935 missum
499 2871 560 2936 labi
590 2869 773 2935 inoffensum
804 2888 861 2951 per
881 2886 997 2950 aequor
1018 2868 1186 2933 candidum
1209 2867 1247 2932 ad
1270 2867 1390 2932 calcem

206 2980 287 3043 sivit.
317 3017 356 3025 -
386 2981 432 3045 lll.
455 2987 474 3044 4
495 2999 557 3062 sq.:
590 2979 685 3062 inque
714 2981 777 3044 tuis
807 2997 889 3044 nunc
922 2978 996 3043 licta
1025 2977 1135 3059 pedum
1167 2998 1249 3061 pono
1270 2981 1392 3059 pressis

208 3090 339 3169 vestigia
373 3091 586 3171 signis=te‚
623 3091 643 3154 i.
666 3111 691 3156 e.
725 3096 811 3155 tuam
851 3089 1039 3153 sententiam
1079 3107 1207 3172 sequar3
1236 3089 1274 3152 ib.
1298 3093 1316 3150 6
1338 3106 1390 3169 sq.

207 3204 325 3264 exstat:
343 3200 417 3281 quid
439 3201 520 3265 enim
541 3200 711 3265 contendat
731 3198 865 3264 hirundo
881 3199 984 3280 cycnis
999 3205 1055 3264 aut
1070 3199 1142 3281 qnid
1160 3216 1230 3263 nam
1246 3197 1392 3288 tremulis

207 3309 308 3374 facere
330 3311 458 3376 artubus
478 3310 568 3375 haedi
591 3309 746 3375 consimile
768 3310 800 3373 in
823 3327 913 3374 cursu
936 3302 1057 3390 possint
1079 3314 1111 3372 et
1131 3307 1220 3373 fortis
1233 3308 1304 3391 equi
1320 3309 1392 3373 vis?

208 3419 305 3485 Poeta
326 3407 376 3486 hic
398 3440 430 3484 se
454 3421 554 3502 ipsum
577 3439 644 3485 cum
667 3418 830 3484 hirundine
852 3426 883 3483 et
904 3417 1003 3484 haedo
1024 3428 1200 3500 comparat,
1218 3415 1388 3499 Epicurum

210 3537 327 3610 utitem,
349 3532 463 3622 Graiae
486 3531 588 3613 gentis
609 3529 721 3609 decus,
750 3547 818 3594 cum
841 3547 949 3610 cycno,
973 3530 1059 3595 cuius
1080 3536 1191 3594 cantus
1214 3528 1292 3593 adeo
1315 3545 1392 3592 con·

105 3622 108 3626 ⁴
208 3641 391 3724 celebratur,
413 3647 445 3706 et
467 3660 535 3707 cum
551 3659 630 3723 equo
646 3639 742 3704 lorti.¹

618 3881 659 3948 Κ.
701 3881 749 3948 ne
777 3879 973 3964 hyperbole.

292 4007 627 4089 ampullulam:
658 4004 859 4087 Hyperbolen
891 4005 1067 4070 audacioris
1102 4009 1231 4068 ornatus
1266 4022 1390 4068 summo

208 4118 274 4182 loco
305 4119 402 4198 posui.
456 4115 516 4182 Est
548 4118 625 4182 haec
656 4113 769 4180 decens
803 4116 866 4180 veri
888 4115 1096 4196 superiectio:
1129 4115 1228 4178 virtus
1262 4113 1329 4177 eius
1352 4133 1390 4179 ex

209 4227 333 4292 diverso
354 4245 421 4309 par,
443 4228 579 4310 augendi
602 4232 696 4309 atque
719 4225 883 4291 minuendi.
920 4227 1009 4291 Auci.
1032 4223 1073 4288 ad
1095 4223 1232 4288 Herenn.
1255 4222 1308 4288 IV.
1333 4229 1391 4290 33:
