2966 4928
180 1306 434 1424 Recentioribus
454 1353 646 1434 temporibus
659 1371 678 1416 a
692 1352 766 1416 viris
787 1351 897 1430 doctis
919 1349 1051 1417 maxime
1066 1353 1107 1417 ab
1121 1351 1171 1432 iis,
1192 1351 1244 1434 qui

80 1467 140 1548 ipsi
154 1466 216 1530 arti
230 1463 366 1546 poeticae
383 1480 508 1544 operam
525 1461 690 1543 dederunt,
706 1462 821 1528 dictum
837 1468 894 1544 est,
909 1463 941 1528 id
955 1463 1039 1546 quod
1056 1462 1243 1528 didacticum

82 1575 255 1658 appellatur
279 1591 422 1650 carmen,
443 1579 553 1654 poema
574 1592 633 1636 nou
656 1591 725 1636 esse
750 1573 977 1654 appelandum,
1000 1574 1105 1655 itaque
1127 1571 1244 1636 uostris

81 1684 272 1766 temporibus
295 1683 350 1748 hoc
374 1701 472 1764 genus
494 1682 595 1764 poesis
618 1681 683 1748 iere
705 1683 828 1746 omnino
850 1683 973 1765 neglegi
987 1683 1139 1762 videmus,
1159 1683 1245 1746 certe

80 1813 141 1858 uon
169 1793 209 1858 ab
240 1793 277 1857 iis
307 1792 384 1872 coli,
413 1793 466 1874 qui
487 1811 521 1855 re
542 1811 616 1858 vera
638 1799 750 1875 poetae
786 1793 937 1875 appellari
959 1797 1099 1876 possunt.
1141 1791 1246 1857 Etiam

78 1903 162 1986 apud
186 1903 321 1968 Graecos
344 1921 467 1966 carmen
491 1901 687 1984 didacticum,
709 1903 734 1967 si
758 1903 891 1967 Hesiodi
915 1909 948 1968 et
971 1901 1087 1985 Orphei
1109 1904 1246 1978 carmina

78 2011 370 2094 praetermittimus,
382 2010 608 2093 posterioribus
624 2012 750 2077 denium
762 2013 956 2096 temporibus
966 2013 1066 2094 magis
1076 2011 1246 2093 colebatur,

80 2141 147 2187 cum
176 2121 333 2203 prioribus
360 2121 467 2202 epicae
497 2126 530 2185 et
556 2120 672 2203 lyricae
702 2123 789 2203 poesi
816 2123 949 2188 maxime
970 2139 1096 2205 operam
1123 2121 1244 2186 darent.
1297 2153 1299 2158 π

81 2232 211 2298 Romani
250 2237 369 2313 autem,
415 2232 468 2312 qui
507 2231 610 2295 animo
648 2237 683 2296 ut
721 2234 767 2297 ita
802 2232 901 2298 dicam
940 2232 1040 2313 magis
1078 2233 1245 2315 πρακτικῷ

84 2348 175 2408 eraut
196 2347 227 2406 et
248 2359 376 2422 quorum
397 2341 500 2422 poesis
514 2359 534 2405 a
547 2335 674 2406 Graecis
697 2342 803 2408 delata
822 2349 881 2424 est,
902 2361 1025 2408 momen
1047 2341 1243 2423 didacticum,

85 2453 218 2518 maxime
251 2451 290 2516 ab
322 2449 539 2514 ,alexandrinis
581 2451 631 2532 qui
671 2458 822 2532 vocantur
854 2453 986 2533 cultum,
1017 2451 1131 2516 imitati
1162 2457 1246 2518 suut.

84 2565 134 2629 lta
164 2565 257 2628 etiam
281 2562 371 2627 Titus
396 2561 557 2625 Lucretius
582 2559 680 2626 Carus
710 2563 848 2645 suscepit
868 2563 996 2646 Epicuri
1017 2561 1243 2646 philosophiam

83 2673 264 2756 aequalibus
294 2673 357 2737 suis
389 2689 542 2751 exponere
564 2672 747 2754 animosque
769 2665 883 2737 eorum
897 2673 938 2736 ad
955 2671 1041 2754 ,hanc
1062 2672 1243 2753 doctrinam,

83 2803 177 2865 quam
207 2800 297 2847 uuam
328 2800 434 2846 veram
464 2799 533 2845 esse
563 2788 672 2864 putat,
704 2787 894 2847 convertere.
945 2774 1036 2848 Multi
1059 2782 1111 2848 alii
1133 2782 1245 2848 Roma-

84 2911 210 2974 norum,
232 2893 376 2972 Catonis,
398 2893 566 2971 Varronis,
592 2891 736 2973 Vergilii,
759 2891 858 2956 Ovidii
882 2893 925 2957 sis
946 2892 1139 2972 memineriS,
1159 2891 1243 2958 haud

83 3001 247 3067 infeliciter
269 3004 408 3083 aggressi
429 3007 502 3066 suut
524 3002 713 3067 carminibus
736 3003 900 3068 didacticis
921 3003 1156 3085 agriculturam,
1178 3021 1244 3067 rem

84 3112 249 3177 militarem
278 3113 340 3176 alia
362 3131 531 3193 exponere,
562 3113 617 3176 sed
638 3113 715 3176 nihil
736 3111 892 3177 difficilius
914 3111 1041 3176 videtur
1062 3131 1129 3176 esse
1150 3129 1243 3194 quam

83 3228 221 3302 systema
257 3221 499 3304 philosophicum
534 3222 676 3287 versibus
712 3223 854 3303 tradere,
899 3223 1031 3287 maxime
1067 3222 1148 3302 tale,
1183 3241 1245 3304 quo

84 3331 203 3411 omnia,
241 3349 321 3411 quae
364 3350 459 3413 usque
498 3331 537 3395 ad
574 3332 650 3396 illud
684 3338 806 3414 tempus
842 3332 881 3398 de
915 3332 980 3414 dis,
1017 3333 1056 3398 de
1086 3331 1170 3413 fato,
1205 3331 1244 3396 de

83 3441 320 3505 immortalitate
345 3459 419 3504 vera
440 3439 654 3522 putabantur,
685 3441 813 3508 dissolvi
837 3443 1034 3509 videbantur.
1076 3442 1245 3507 Lucretius

84 3552 195 3632 ipsel.
220 3557 277 3614 136
300 3571 345 3632 sq.
368 3552 457 3615 dicit:
514 3567 515 3570 ’

221 3669 286 3734 Nec
309 3669 358 3733 me
381 3670 473 3732 aniuri
497 3669 577 3732 fallit
600 3669 766 3734 Graiorum
790 3669 921 3735 obscura
942 3672 1069 3750 reperta

222 3751 343 3816 difficile
365 3753 535 3816 inlustrare
557 3752 679 3816 Latinis
703 3754 844 3817 versibus
867 3771 946 3833 esse,

222 3835 322 3899 multa
345 3835 432 3898 novis
455 3834 557 3898 verbis
579 3837 763 3916 praesertim
791 3854 859 3901 cum
881 3836 924 3900 sit
952 3833 1106 3914 agendum

222 3923 352 3998 propter
382 3924 554 3997 egestatem
586 3917 710 3998 liuguae
739 3924 772 3982 et
793 3936 895 3984 rerum
925 3918 1106 3981 novitatem.

83 4033 145 4098 Sed
174 4036 306 4098 maxiure
327 4036 352 4098 is
374 4041 476 4117 errat,
504 4037 556 4116 qui
578 4037 753 4117 putaverit,
782 4035 918 4101 Lucretii
945 4050 1134 4111 sermonem,
1161 4030 1246 4112 quod

83 4145 217 4209 materia
239 4149 377 4209 tractata
397 4164 530 4225 poscere
558 4145 698 4226 videtur,
722 4149 812 4226 quasi
843 4147 956 4212 siccum
979 4151 1011 4210 et
1033 4143 1155 4209 aridum
1179 4157 1248 4205 esse

1027 4254 1040 4306 1
